4476 5536
197 408 411 505 ιιι1
478 457 578 505 Ι,
878 373 1375 490 Praesente

248 578 665 704 historia'eorumque
682 581 895 712 scriptura,
914 632 994 715 pro
1008 600 1231 707 superfluis
1250 603 1538 693 nonhabebit,
1563 602 1635 701 qui
1650 603 1795 702 quanti
1808 605 2012 679 momenti
2101 598 2108 609 ’

243 738 327 810 hae
354 739 417 809 res
445 735 550 823 sint,
587 757 726 808 secum
749 736 856 809 serio
882 735 1145 834 reputaverit
1197 736 1339 809 Iam‘I.
1364 735 1416 807 D.
1434 729 1652 838 Michaelis
1678 731 1725 805 in
1751 731 2012 847 grammatica

104 848 108 856 ¹
228 886 350 959 ιιι,
394 859 508 957 quod
540 875 640 936 tunc
673 861 892 963 temporis
905 862 1043 936 solum
1077 854 1171 934 fieri
1202 874 1385 960 poterat,
1425 861 1530 933 hanc
1563 846 1652 932 retia
1684 858 1838 956 tetigit,
1887 856 2009 970 cuins

251 987 510 1085 exemplum,
543 984 619 1061 ubi
646 988 867 1063 consilium
891 1012 1033 1065 meum
1058 987 1198 1061 minus
1241 983 1463 1086 probatum
1501 980 1653 1073 fuerit,
1698 999 1805 1058 certe
1842 965 2010 1081 excusa·
2024 1069 2027 1075 ¹
2060 1003 2065 1018 ⁴

117 1113 139 1141 ·’
184 1178 193 1191 ,
252 1108 412 1188 tionem
438 1110 548 1212 apud
573 1113 721 1188 harum
746 1137 889 1190 rerum
913 1113 1072 1189 iudices
1098 1112 1208 1186 mihi
1231 1110 1402 1212 parabit.

354 1241 645 1338 cognatarum
655 1229 893 1339 linguarum
918 1241 1266 1344 comparationem
1292 1237 1434 1313 nullas
1452 1249 1595 1314 nostro
1621 1249 1807 1336 tempore
1822 1215 2011 1313 omittere

255 1364 391 1441 debet·
408 1366 714 1464 grammaticus,
756 1389 991 1463 quanquam
1026 1367 1155 1459 ‘etiam
1187 1364 1265 1439 hac
1296 1365 1344 1438 in
1384 1388 1429 1438 re
1463 1359 1568 1438 fines
1612 1365 1844 1449 transilire·
1861 1377 2009 1462 potest,

172 1530 176 1537 a
254 1514 338 1591 quo
364 1486 471 1564 facto
497 1472 627 1588 magis
652 1506 773 1566 nocet
799 1515 923 1589 quam
947 1490 1139 1590 prodest·
1187 1492 1260 1564 Me
1295 1488 1346 1563 ab
1381 1514 1528 1565 eorum
1558 1489 1749 1588 partibus
1780 1513 1868 1565 non
1893 1505 2041 1583 stam,

254 1617 329 1715 qui
356 1615 531 1708 abusum
555 1611 680 1693 illuin
706 1631 777 1691 aut
800 1616 947 1697 verbis,
967 1627 1039 1690 aut
1065 1608 1253 1713 eiemplo
1279 1637 1355 1688 suo
1374 1612 1674 1699 commendent,
1699 1615 1836 1712 primo
1864 1614 2015 1692 obtutu

241 1740 478 1847 apparebit.
529 1740 594 1819 Ad
618 1743 799 1843 reliquas
816 1747 1112 1820 Aramaeorum
1127 1741 1288 1840 saepius
1307 1740 1468 1841 respexi
1486 1737 1678 1813 dialectos
1698 1762 1820 1835 quam
1848 1740 1901 1816 ad
1914 1745 2016 1821 Ara·

253 1865 392 1942 bicam
424 1868 630 1968 linguam,
667 1872 721 1945 'et
748 1893 982 1946 sermonem
1016 1868 1260 1952 Zabiorum,
1309 1892 1406 1944 cum
1435 1890 1584 1969 pamm
1610 1881 1758 1941 notum
1785 1892 1871 1942 esse
1896 1868 2014 1945 vide·

254 2017 367 2083 rem,
409 1996 647 2096 praesertim
671 1997 720 2071 in
744 1998 958 2072 elementis
986 2009 1026 2068 et
1051 1994 1300 2093 etymologia
1331 1992 1380 2067 ab
1404 1996 1480 2066 hac
1508 1993 1813 2090 comparatione
1836 2017 1925 2091 non
1943 2021 2014 2083 en·
2083 2094 2085 2098 Α

136 2187 141 2195 .
254 2117 509 2203 cludendum
534 2146 620 2197 esse
647 2125 801 2226 censui.
868 2120 1014 2211 Plura,
1056 2143 1159 2218 quae
1182 2118 1233 2193 de
1255 2142 1304 2194 eo
1329 2120 1376 2194 in
1400 2109 1571 2219 promtu
1596 2132 1733 2208 erant,
1759 2121 1841 2196 alio
1860 2122 1953 2199 loco
1970 2138 2013 2223 et

202 2331 211 2355 .
253 2259 441 2347 tempore
464 2272 678 2347 exponam.
743 2294 744 2298 =

356 2377 405 2448 In
449 2374 559 2450 libro
601 2374 846 2475 corrigendo
881 2400 949 2450 me
980 2377 1164 2481 multum
1197 2370 1360 2449 adiuvit
1397 2366 1514 2448 Gust.
1551 2369 1719 2462 Sticlet,
1761 2377 1834 2450 Ph.
1873 2378 1926 2452 D.
1971 2393 2015 2453 et

254 2499 399 2576 Theol.
418 2501 590 2589 Baccal,
617 2503 783 2577 iuvenis
801 2503 978 2603 optimae
995 2474 1172 2591 indolis,
1200 2501 1275 2598 qui
1295 2497 1451 2575 stadiis
1463 2499 1593 2575 solitis
1612 2524 1707 2575 cum
1726 2493 1879 2646 eventu
1893 2485 2013 2603 pros·

121 2633 125 2640 ’
253 2594 437 2728 pemmo
463 2626 662 2704 absolutis
687 2652 732 2704 se
756 2630 931 2738 accingit
964 2627 1137 2704 eandem
1161 2626 1477 2727 disciplinarum
1501 2604 1777 2725 partemin
1811 2651 1891 2726 qua
1920 2653 2015 2706 maa

240 2753 518 2843 ,institutione
541 2779 641 2829 usus
677 2769 759 2843 est,
801 2755 1004 2841 scholis
991 2781 1038 2829 ιιι
1074 2754 1300 2829 academia
1297 2768 1451 2828 nostra
1485 2739 1685 2828 habendis
1718 2768 1760 2827 et
1782 2753 1937 2866 (locere
1972 2774 2014 2833 et

253 2904 510 2978 promovere.
577 2879 775 2955 Eiusdem
812 2881 1060 3002 humanitati
1092 2879 1222 2955 debeo
1248 2894 1331 2956 tres
1357 2878 1537 2968 indices,
1583 2902 1686 2979 quos
1712 2883 1889 2958 maxima
1914 2872 2013 3010 cnm
2059 2863 2069 2872 ⁶

253 3002 472 3105 diligentia
498 2982 737 3081 elaboravit.
895 3011 898 3014 ’
1886 3022 1888 3027 ’

355 3132 527 3207 Etiam
514 3158 561 3206 ιιι
586 3147 798 3230 posterum
824 3094 1013 3232 Syriacae
1035 3130 1201 3233 linguae
1228 3155 1396 3233 operam
1427 3154 1563 3204 meam
1596 3133 1888 3210 commodabo
1901 3153 1942 3212 et
1976 3142 2016 3215 si

255 3254 423 3332 alteram
455 3257 583 3335 huius
609 3256 711 3333 libri
736 3255 961 3333 editionem
983 3258 1180 3336 adornare
1205 3259 1310 3333 olim
1327 3257 1564 3356 contigerit,
1591 3280 1711 3357 spero
1728 3256 1818 3334 fore
1831 3276 1882 3337 ιιι
1897 3244 2016 3364 rape-

254 3384 333 3459 tita
365 3380 543 3460 lectione
577 3385 767 3492 omnium
801 3387 1064 3485 Syriacoram
1098 3386 1368 3487 scriptorum,
1413 3385 1488 3480 qui
1518 3384 1630 3481 typis
1663 3384 1858 3485 impressi
1901 3406 2014 3495 sunt,

254 3504 501 3608 perfectiora
527 3526 567 3585 et
590 3514 717 3610 magis
742 3527 903 3601 matura
926 3538 1022 3587 cum
1048 3511 1273 3586 lectoribus
1312 3508 1617 3584 communicare
1650 3506 1818 3611 possim.
1840 3600 1845 3613 ,
1866 3524 1868 3529 ’
1890 3502 2016 3619 Quod

231 3659 369 3729 §nunc
395 3637 442 3710 in
467 3635 686 3735 publicum
710 3638 855 3712 emitto
882 3662 986 3738 opus
1007 3640 1220 3728 iuvenile,
1247 3638 1288 3711 ei
1312 3631 1476 3710 faveant
1501 3633 1658 3711 iudices
1686 3639 1806 3736 aequi
1831 3650 1872 3715 et
1895 3642 2016 3720 illius

256 3752 334 3837 Th.
361 3760 594 3838 Thomsoni
615 3761 718 3837 dicti
741 3763 891 3839 haud
879 3787 1161 3841 ammemores.
1208 3760 1292 3838 Tae
1318 3763 1415 3860 only
1440 3774 1531 3837 true
1554 3787 1652 3863 way
1686 3761 1744 3874 of
1767 3769 1953 3874 treating
1985 3797 2016 3845 a

256 3911 353 3963 man
387 3884 445 4000 of
460 3893 613 3964 sciente
638 3887 735 4003 with
761 3905 939 4007 respect,
973 3897 1009 3966 is
1033 3905 1075 3967 ιο
1103 3895 1288 3967 examine
1314 3887 1383 3965 the
1412 3904 1671 3994 arguments,
1714 3889 1770 3988 hy
1802 3890 1928 3984 which
1963 3893 2014 3970 he

246 4029 456 4112 supporta
480 4014 541 4091 his
574 4000 783 4115 opinions5
826 4031 869 4093 ιο
901 4018 1035 4118 adopt
1066 4017 1192 4109 them,
1241 4012 1409 4128 ifthey
1439 4044 1603 4118 appear
1634 4017 1768 4099 round
1800 4019 1888 4097 and
1920 4045 2013 4101 con·

258 4138 430 4229 clusine,
465 4137 535 4214 hut
559 4157 601 4217 ιο
628 4139 767 4253 refuta
792 4141 916 4234 them,
943 4138 1103 4253 iftlrey
1127 4169 1202 4218 are
1227 4140 1458 4251 erroneous.

152 4266 159 4277 “
357 4265 593 4348 Scribebam
607 4272 736 4399 ’lenae
760 4274 807 4351 V.
836 4268 875 4348 (1.
905 4267 1069 4346 Octobr.
1095 4271 1445 4357 MDCCCXXVII.
