4530 5544
762 390 1258 525 Palaestra
1840 392 1959 538 rm?

126 615 487 694 observationibus
532 598 746 717 supplevi,
782 629 824 690 et
855 639 960 714 quae
1005 616 1146 691 minus
1180 627 1289 689 recte
1331 611 1441 688 dicta
1483 627 1620 705 erant,
1653 613 1881 716 emendavi.

128 746 239 821 Cum
265 770 363 820 vero
391 770 478 821 non
506 744 643 818 solum
671 765 775 841 quae
808 766 904 816 vera
942 741 1193 825 videbantur
1235 739 1416 829 tradere,
1444 739 1515 816 sed
1541 743 1665 831 etiam
1687 770 1884 855 persaepe

125 871 301 947 aliorum
327 874 518 948 virorum
546 871 766 946 sententias
793 865 972 943 refutare
1001 884 1041 942 et
1068 867 1284 943 emendare
1311 894 1414 968 opus
1442 884 1564 959 esset,
1603 873 1733 970 magis
1761 852 1888 971 quam*

44 1029 49 1044 ·
125 994 174 1070 ab
209 1000 333 1074 initio
367 1015 673 1103 expectaveram
708 1010 749 1071 et
782 996 1015 1084 volueram,
1052 996 1230 1071 ambitus
1269 995 1370 1069 libri
1404 997 1542 1070 crevit.
1614 1004 1717 1107 Hoc¹
1734 1015 1884 1095 tamen,

124 1120 225 1220 quia'
251 1125 317 1200 his
345 1126 564 1216 studiisse
603 1123 744 1199 dantes
780 1137 849 1196 aut
871 1123 988 1197 nullo
1013 1139 1082 1198 aut
1106 1147 1180 1223 per
1206 1122 1331 1196 breve
1356 1122 1706 1225 tantumtempus
1730 1131 1796 1203 uti
1818 1154 1886 1206 so·

17 1234 23 1243 ’
120 1250 209 1327 lent
225 1269 266 1327 et
281 1271 458 1353 possunt
476 1254 692 1352 magistro,
719 1275 805 1325 non
822 1273 898 1350 pro
916 1250 1022 1325 vitio
1046 1249 1278 1336 habuerim,
1308 1247 1391 1320 sed·
1402 1251 1543 1346 potius
1559 1251 1674 1351 laudi
1690 1251 1884 1335 futurum

121 1398 208 1454 esse
235 1381 344 1456 libro
370 1405 464 1456 meo
491 1380 747 1481 putaverim
785 1379 917 1450 immo
944 1378 1228 1475 exemplorum
1254 1375 1434 1472 copiam,
1470 1376 1624 1473 largam
1650 1405 1792 1459 rerum
1817 1411 1886 1462 ex.
2008 1462 2013 1469 ι

120 1506 373 1601 positionem
400 1524 520 1605 atque
546 1519 773 1581 accuratam
800 1506 1095 1576 sententiarum
1122 1499 1410 1600 probationem
1445 1502 1573 1600 magis
1607 1504 1658 1578 ad
1691 1531 1790 1593 eum
1826 1515 1886 1588 le·

120 1630 302 1727 gendum
342 1635 605 1729 allecturam,
622 1656 708 1706 esse
749 1653 872 1727 quam
908 1628 1197 1703 deterrituram
1234 1652 1355 1726 spero
1398 1643 1438 1719 et
1469 1644 1579 1729 opto.
1654 1612 1886 1734 Displicuit

86 1753 89 1758 ’
122 1759 236 1832 enim
275 1763 383 1835 mihi
418 1786 581 1862 semper
617 1756 871 1865 consuetudo
904 1756 1032 1854 vulgo
1066 1770 1227 1853 recepta
1261 1756 1307 1829 in
1337 1754 1477 1830 eadem
1512 1758 1656 1863 lingua
1691 1760 1887 1843 discenda

120 1884 313 1981 pluribus
358 1888 505 1962 utendi
542 1885 683 1972 libris,
728 1885 787 1955 ita
821 1898 870 1956 ut
904 1884 1089 1981 primum
1124 1881 1262 1955 brevis
1291 1896 1332 1956 et
1350 1899 1476 1969 curta,
1504 1895 1598 1983 post
1625 1913 1726 1984 vero¹
1751 1895 1902 1987 maior,

14 2088 24 2109 ‚
70 2030 75 2036 ’
121 2013 337 2110 magisque
365 2028 549 2087 accurata
576 2011 838 2110 grammatica
866 2007 1168 2107 discipulorum
1194 2007 1377 2082 tradatur
1409 2011 1622 2103 manibus;
1666 2017 1712 2090 in
1748 2008 1886 2115 orien-¹

48 2151 59 2163 ·
121 2137 274 2211 talibus
299 2163 396 2237 ergo
433 2140 602 2226 litteris,
646 2159 821 2235 quarum
858 2137 1035 2209 cultores
1070 2152 1150 2236 per
1180 2157 1303 2209 omne
1339 2148 1501 2235 tempus
1538 2141 1662 2239 pauci
1699 2162 1813 2221 erant
1846 2163 1888 2225 et
2015 2201 2018 2204 -

124 2254 269 2353 erunt,
298 2282 489 2341 nostrum
507 2289 595 2340 esse
618 2262 806 2350 videtur,
840 2262 962 2336 illum
988 2286 1160 2352 morem,
1188 2286 1236 2336 ex
1260 2287 1352 2335 mea
1378 2264 1550 2360 quidem
1576 2272 1775 2345 sententia
1800 2298 1889 2353 non
1934 2354 1938 2362 ,

126 2367 263 2465 solum
290 2394 499 2482 inutilem,
527 2390 599 2466 sed
626 2391 749 2467 etiam
775 2412 895 2488 saepe
920 2389 1105 2477 noxium,
1141 2390 1373 2487 relinquere
1400 2415 1445 2465 ac
1471 2391 1725 2473 discentibus
1751 2400 1920 2479 statim

123 2517 172 2592 ab
199 2519 324 2593 i'nitio
352 2520 481 2599 libros
510 2519 719 2618 porrigere
745 2516 904 2600 omnia,
952 2538 1056 2610 quae
1091 2516 1195 2588 scire
1222 2514 1397 2605 debent,
1440 2508 1531 2617 apte
1558 2524 1886 2622 complectentes.

124 2648 173 2720 ln
199 2669 324 2741 quam
363 2643 606 2720 sententiam
639 2640 831 2718 abierunt
864 2638 1035 2715 viride
1076 2639 1144 2716 his
1190 2639 1337 2716 studiis
1381 2643 1504 2744 longe
1544 2651 1710 2741 meriti,
1763 2652 1886 2734 LD.
2001 2748 2005 2753 .

123 2764 359 2862 Michaelis,
398 2773 598 2861 Veteres,
638 2767 856 2857 Gerenias,
892 2764 976 2840 alii.
1039 2766 1164 2842 Recte
1196 2767 1310 2841 enim
1334 2752 1389 2843 ‘et
1412 2786 1527 2845 acute
1552 2774 1713 2873 primus
1733 2805 1889 2860 eorum

121 2897 169 2972 in
194 2896 449 2998 praefatione
476 2898 527 2972 ad
553 2922 670 2973 suam
697 2898 882 2997 Syriacae
909 2894 1076 2993 linguae
1111 2896 1417 2992 grammaticam
1451 2899 1509 2972 ita
1542 2900 1728 2980 disserit:
1782 2905 1918 2999 „Sex'

120 3020 209 3099 fere
235 3052 418 3115 menses,
460 3041 548 3113 aut,
582 3041 632 3098 ut
651 3026 822 3124 proprie
848 3023 1007 3117 loquar,
1036 3022 1220 3119 quinque
1246 3021 1377 3097 tribui
1404 3028 1590 3124 Syriacae
1617 3031 1782 3132 linguae
1809 3036 1887 3116 dis*

78 3244 81 3250 Ι
122 3151 274 3226 cendae
311 3155 355 3226 in
392 3150 610 3226 academiis
644 3150 797 3225 solent:
841 3144 987 3236 breve,
1031 3146 1104 3222 sed
1140 3162 1275 3222 tamen
1311 3148 1524 3269 sufficiens
1559 3134 1781 3235 facillimae
1816 3163 1887 3260 (f)

119 3278 361 3377 linguarum
401 3290 587 3372 tempus,
639 3274 765 3347 modo
817 3279 1024 3371 copiosam
1067 3271 1245 3347 habeant
1289 3290 1330 3349 et
1355 3266 1523 3352 divitem
1556 3294 1885 3383 grammaticam,

123 3417 243 3504 quam
288 3427 367 3475 non
404 3414 535 3474 totam
577 3399 755 3496 explicet
800 3397 963 3484 doctor,
999 3399 1085 3496 ‚sed
1118 3423 1170 3471 ex
1201 3426 1283 3497 qua
1321 3428 1386 3476 res
1419 3409 1641 3503 primarias
1674 3430 1914 3518 excerpat„

119 3536 224 3607 aiva
249 3553 352 3605 occe
379 3527 624 3611 traditurus,
666 3546 873 3623 quamque
899 3525 1032 3625 legere
1059 3540 1187 3599 totam
1214 3542 1253 3599 et
1280 3528 1387 3602 inter
1423 3529 1886 3620 discendum'evolvere

120 3659 305 3760 possint:
328 3629 329 3632 Ἴ
352 3658 532 3753 maxima
567 3656 669 3726 enim
695 3677 797 3749 pars
831 3649 1026 3725 brevieali
1065 3656 1269 3757 temporis·
1292 3654 1454 3730 lectioni
1486 3666 1526 3731 ei
1559 3665 1888 3763 interpretationi

120 3786 329 3860 librorum
347 3783 619 3881 Syriacorum
658 3777 942 3875 impendenda.
996 3766 1058 3853 Δι’
1072 3780 1121 3852 in·
1139 3779 1278 3877 ‚sterili
1294 3786 1578 3878 grammaticae
1603 3787 1801 3867 brevitate
1829 3782 1887 3871 al·

103 3900 258 3999 ,terum
286 3908 466 3982 accidere
493 3930 656 3983 necesse
684 3921 765 3993 est,
795 3906 882 3977 sive
910 3917 954 3976 at
980 3917 1138 4001 tempus
1163 3905 1323 3980 teratur
1349 3934 1438 3980 eam
1464 3913 1716 4010 supplendo,
1751 3921 1887 4020 iisque

122 4040 278 4115 calamo
307 4033 428 4105 etiam
454 4031 731 4132 excipiendis,
773 4055 877 4129 quae
903 4032 1102 4128 impressa
1127 4054 1276 4129 magno
1304 4038 1504 4132 temporis
1532 4045 1779 4142 compendio
1805 4051 1887 4150 legi
1972 4026 1977 4041 ’

88 4146 93 4153 ’
120 4164 370 4268 potuissent,
391 4195 444 4212 -
463 4195 515 4214 -··
531 4159 643 4256 quod
670 4161 809 4257 ipsum
836 4172 999 4256 tempus
1026 4157 1144 4231 libris
1171 4160 1348 4258 Syriacis
1367 4160 1551 4261 legendis
1579 4173 1707 4270 perit;
1737 4175 1824 4249 sive
1841 4180 1886 4252 u't
1914 4194 1918 4199 '

123 4292 250 4366 multa
275 4293 468 4392 ignorent
482 4287 583 4359 scitu
611 4289 862 4374 necessaria,
889 4286 1154 4388 lingnamque
1170 4286 1309 4384 aliquo
1328 4289 1496 4393 legendi
1515 4321 1587 4369 usu
1606 4289 1885 4406 imperfectius

125 4443 175 4492 ac
192 4421 320 4490 minus
336 4414 607 4516 grammatice
624 4412 822 4486 discant.“
875 4416 1036 4485 Poterat
1061 4413 1184 4485 etiam
1203 4415 1270 4488 vir
1297 4413 1474 4493 docendi
1496 4418 1709 4515 facultate,
1736 4444 1784 4502 ut
1810 4454 1885 4504 no-

123 4560 215 4621 tum
241 4549 323 4629 est,
360 4537 573 4639 praeditus
599 4537 776 4612 maxima
811 4562 1150 4632 commemorare,
1196 4540 1522 4625 adolescentibus
1554 4555 1740 4650 magistri
1767 4555 1884 4631 insti·
1947 4606 1958 4623 ,

1605 4656 1666 4708 aa
