4530 5544
1561 252 1579 284 ι
1597 229 1600 234 ,

332 409 414 516 ἰ
518 409 521 414 ’
738 437 741 442 ’
875 451 880 471 ·
1017 429 1577 519 ΡιΑεπΔτιαζ

309 617 310 620 “
342 636 540 710 *tutioni
584 634 735 733 ereptis
769 630 941 707 nonnisi
976 630 1183 707 librorum
1215 656 1427 732 superesse
1464 624 1689 720 auxilium,
1743 630 1863 729 quod·
1899 647 2064 720 tamen,
2109 635 2150 715 si

358 762 453 836 'illi
486 762 699 835 elementis
735 761 833 834 solis
871 773 911 832 et
945 757 1069 833 rebus
1099 760 1340 857 vulgaribus
1375 758 1584 847 dicantur,
1631 783 1755 856 quam
1788 757 1964 857 par'vum
1998 755 2149 841 sit-fa·

205 912 210 922 ‘
387 890 465 963 sile
494 887 760 986 intelligitur.
831 888 898 961 Ne
932 871 1032 960 vero
1066 887 1125 975 ii,
1172 888 1246 982 qui
1281 886 1489 984 Syriacam
1523 887 1709 985 linguam
1743 888 1888 961 callere
1908 887 2149 987 incipiunt,-

159 990 166 1002 ’
383 1038 530 1113 magna
555 1031 696 1088 rerum
722 1013 832 1087 mole
866 1012 1117 1101 obruantur,
1160 1037 1262 1110 quae
1296 1014 1486 1111 ipsorum
1513 1038 1652 1088 caussa
1678 1013 1787 1089 dicta
1814 1030 1930 1100 sunt,
1970 1013 2151 1088 maiori·
2234 1092 2237 1096 ,

331 1165 337 1175 ·
383 1139 463 1218 bus
491 1143 601 1240 typis
626 1142 817 1240 imprimi
843 1141 1005 1230 curavi;
1046 1139 1282 1215 minoribus
1309 1162 1408 1211 vero
1438 1154 1507 1213 aut
1534 1157 1774 1239 argumenta
1801 1142 2099 1216 sententiarum
2125 1165 2151 1216 a
2221 1138 2230 1146 ’

371 1248 456 1342 ‘me'
477 1269 802 1368 propositarum,
846 1281 915 1341 aut
940 1282 1169 1341 accuratam
1196 1268 1258 1341 rei
1285 1262 1530 1343 difficilioris
1558 1270 1880 1371 expositionem,
1916 1283 1986 1342 aut
2016 1268 2150 1350 ratio*
2213 1282 2214 1287 ’

333 1413 340 1425 ’
386 1420 480 1468 rum
517 1393 746 1473 formarum
780 1393 821 1467 et
854 1395 1080 1468 anomaliae·
1120 1395 1576 1483 commemorationem,
1614 1412 1697 1472 'aut
1739 1395 1919 1495 denique
1957 1388 2152 1472 errorum

340 1543 354 1563 ⁴
385 1523 510 1620 vulgo
549 1536 810 1620 receptorum
849 1520 1156 1619 castigationem
1194 1521 1410 1617 discipulis
1455 1501 1779 1618 profectioribus
1824 1541 1864 1596 et
1909 1521 2150 1599 doctoribus

385 1649 568 1765 scriptam·
616 1653 676 1725 Ex
701 1646 782 1720 hoc
808 1669 955 1745 genere
980 1671 1065 1720 non
1094 1647 1227 1720 solum
1249 1660 1346 1719 sunt
1371 1648 1655 1722 annotationes
1684 1649 1857 1747 singulis
1883 1647 2152 1746 paragraphis

386 1775 613 1872 appositae,
650 1772 841 1848 historici
874 1773 1150 1847 iurationem
1184 1772 1423 1870 graviorum
1455 1776 1739 1872 grammatices
1776 1774 2035 1850 decretorum
2070 1789 2153 1879 tra·

196 1899 199 1907 '
265 1918 268 1930 ·
375 1898 629 2008 ⁵standorum
655 1901 763 1974 olim
784 1898 1009 1975 adhibitam
1036 1899 1333 1987 commentarii,
1361 1900 1502 1997 reique
1519 1901 1737 1978 litterariae
1759 1903 2050 1986 enarrationes,
2078 1897 2153 1994 sed

388 2027 509 2129 etiam
534 2043 641 2101 totae
659 2026 901 2127 paragraphi
928 2027 975 2100 in
1001 2050 1069 2113 ea,
1097 2049 1200 2123 quae
1230 2025 1436 2099 tironibus
1464 2050 1549 2100 non
1576 2030 1673 2100 satis
1701 2031 1822 2101 utilia
1847 2044 1917 2101 aut
1944 2022 2153 2127 superflua

386 2136 607 2243 ridentur,
648 2151 978 2252 profectioribus
994 2167 1136 2227 contra
1161 2153 1302 2252 ignota
1329 2175 1416 2227 esse
1438 2175 1525 2228 non
1551 2150 1724 2242 debent,
1771 2178 1820 2228 ex
1846 2153 1996 2228 ordine
2022 2167 2152 2252 syste-

260 2293 268 2298 “
347 2343 363 2359 .
384 2282 504 2354 matis
532 2281 736 2380 propositi
764 2293 1093 2359 commentantes.
1161 2283 1277 2381 Quae
1310 2303 1406 2352 cum
1438 2279 1496 2351 ita
1529 2301 1573 2353 se
1608 2278 1805 2368 habeant,
1856 2281 2006 2379 accipis
2039 2278 2151 2354 libro

385 2410 480 2484 meo
507 2421 547 2480 et
571 2400 806 2482 breviorem
831 2430 973 2482 rerum
1008 2405 1217 2481 tironibus
1243 2402 1565 2483 necessariarum
1597 2403 1924 2486 delineationem
1959 2423 1999 2481 et
2025 2406 2153 2484 simul
2187 2503 2193 2513 θ

389 2537 597 2635 copiosam
619 2535 809 2609 omnium
836 2533 1125 2633 grammatices.
1145 2533 1325 2632 partium
1352 2532 1665 2630 expositionem·
1982 2515 1985 2520 ’

377 2688 381 2706 ·
440 2725 446 2743 ,Α
489 2667 547 2736 Ex
566 2651 725 2737 iudicio
755 2661 1115 2760 grammaticorum
1150 2659 1330 2758 optimae
1365 2674 1511 2749 notae,
1546 2661 1584 2735 si
1616 2661 1709 2759 quis
1735 2661 1781 2736 in
1808 2663 1894 2737 sola
1922 2656 2153 2737 formarum

387 2787 753 2888 grammaticalium
786 2784 1025 2861 recensione
1066 2801 1107 2858 et
1141 2785 1387 2882 probatione
1421 2801 1629 2874 versatur,
1678 2783 1812 2863 officio
1845 2810 1921 2862 suo
1953 2785 2153 2865 satisfacit

388 2917 506 2991 nullo
533 2928 672 3013 pact03
722 2913 863 3009 itaque
914 2935 1018 3009 quae
1062 2912 1303 2986 inveneram
1354 2911 1628 3001 illustrarem,
1670 2937 1898 3012 eorumque
1946 2917 2154 3015 originem
2252 2907 2255 2920 ’

390 3054 430 3118 et
446 3063 598 3117 nexum
618 3064 713 3114 cum
740 3039 857 3138 aliis,
874 3062 978 3135 quae
1003 3039 1049 3112 in
1067 3039 1260 3112 notitiam
1287 3054 1513 3125 venerunt,
1543 3040 1709 3138 linguae
1735 3042 2056 3141 proprietatibus
2076 3038 2154 3117 de·

387 3184 659 3271 monstrarem
683 3168 847 3243 necesse
875 3180 971 3239 erat.
1025 3168 1115 3266 Qua
1142 3165 1187 3240 in
1214 3189 1259 3238 re
1286 3166 1459 3240 omnino
1500 3163 1621 3239 facile
1661 3165 1847 3242 aberrare
1883 3192 1906 3240 a
1939 3168 2008 3241 via
2043 3180 2155 3241 recta

277 3307 280 3311 '
390 3312 506 3399 potes
534 3311 575 3369 et
599 3277 849 3393 opinionum
874 3304 1263 3391 praeconceptarum
1290 3289 1468 3367 dumetis
1506 3289 1708 3382 detineri,
1751 3292 1867 3391 quod
1905 3293 2153 3397 recentiores
2191 3323 2194 3335 ·

390 3424 608 3511 nonnulli,
659 3421 734 3519 qui
765 3420 813 3494 in
847 3418 969 3494 laude
1003 3419 1193 3504 Gescnii,
1239 3417 1386 3517 procul
1419 3415 1550 3490 dubio
1582 3416 1828 3490 ¹felicissimi
1868 3421 2156 3515 grammaticae
2247 3423 2254 3435 ’

390 3551 613 3629 Hebraicae
629 3543 932 3632 reformatoria,
959 3542 1218 3621 detrectanda
1242 3545 1399 3618 mirum
1424 3543 1471 3616 in
1496 3540 1671 3624 modum
1697 3541 1778 3619 sibi
1803 3544 1985 3643 placent,
2009 3561 2054 3621 et
2079 3571 2155 3628 rto·
2188 3570 2192 3586 ²

390 3677 520 3754 randi
545 3673 683 3751 studio
708 3672 895 3771 prorepti
918 3671 1062 3745 omnia
1086 3669 1274 3769 ipsorum
1301 3667 1534 3744 luminibus
1562 3670 1763 3744 illustrari
1776 3694 1899 3772 posse
1918 3674 2155 3773 opinantur,

387 3807 488 3883 satis
516 3823 723 3902 superque
749 3823 825 3872 suo
850 3811 1133 3873 monstrarunt
1158 3797 1364 3896 exemplo;
1400 3795 1472 3870 sed
1499 3796 1690 3871 cautione
1714 3812 1756 3869 et
1783 3798 2156 3897 circumspectione

392 3933 442 4007 ab
469 3932 586 4008 omni
611 3927 780 4029 pruritu
806 3939 846 4000 et
864 3925 1090 4001 temeritate
1109 3924 1529 4013 alienis-sinceritate
1550 3941 1683 3998 vanae
1703 3924 1858 4022 gloriae
1873 3925 1987 4000 haud
2013 3927 2156 4017 indul·
2197 3938 2205 3948 ‘

391 4073 535 4161 gente,
568 4080 697 4169 quap,
734 4068 917 4130 nostram
952 4052 1232 4151 cognitionem
1269 4075 1458 4125 mancam
1490 4075 1582 4125 esse
1608 4048 1740 4150 probe
1768 4053 1924 4142 sciens,
1951 4052 2027 4126 ubi
2066 4075 2174 4165 non

310 4245 315 4253 -
389 4187 555 4263 invenit
588 4180 701 4281 quod
733 4180 957 4280 probetur,
996 4179 1272 4277 ignorantiam
1307 4176 1437 4250 libere
1479 4173 1721 4277 profitetur,
1762 4194 1877 4254 tutus
1914 4201 2000 4252 esse
2032 4196 2154 4280 potes

390 4311 653 4399 suasoribus,
687 4307 924 4384 auctoribus
952 4320 992 4379 et
1017 4304 1207 4380 ducibus.
1274 4307 1416 4401 Itaque
1451 4328 1538 4379 non
1574 4306 1702 4388 semel
1736 4307 1985 4406 opinionem
2006 4328 2154 4400 meam,
2238 4305 2242 4313 ’

202 4519 208 4528 ,
297 4442 300 4449 ’
393 4441 471 4517 ubi
494 4438 690 4514 audacius
718 4435 847 4534 egisse
872 4432 981 4508 milri
1012 4431 1203 4519 videbar,
1246 4431 1417 4505 reiicere
1452 4445 1522 4506 aut
1549 4447 1655 4509 certe
1681 4458 1706 4507 a
1743 4434 2024 4533 publicatione
2054 4436 2155 4512 reti·

391 4592 490 4644 nere
516 4565 665 4670 malui,
712 4586 835 4659 quam
859 4561 1084 4671 sagacitatis
1111 4559 1329 4662 gloriolam
1356 4574 1518 4660 captans
1552 4562 1601 4637 in
1636 4561 1937 4660 explanationis
1973 4562 2153 4640 meartae

184 4685 193 4694 ’
279 4701 315 4783 ἶ
394 4693 508 4771 abire
533 4695 613 4767 iter
639 4691 820 4813 devium·
1531 4706 1536 4717 ·
1605 4683 1608 4687 ’
