4476 5536
704 415 736 491 ς.
761 423 832 486 128.
877 412 935 489 De
952 360 1100 495 tyritaxr‘
1120 413 1300 478 verborum
1321 414 1363 476 irr'
1379 392 1583 493 universum·
1786 372 1796 385 ·
1881 368 1889 390 Ι
1943 399 2017 503 331

189 632 214 703 '⁴
246 622 280 668 e.
310 621 346 696 g.
375 599 474 672 Gen.
497 615 556 689 15,
579 619 637 671 to.
664 616 700 675 et
724 551 846 697 posuit
863 571 1038 700 frustum
1064 574 1162 679 mimi
1187 571 1318 663 idai&
1342 622 1362 671 e
1387 596 1576 670 contrario
1602 596 1771 685 alterius,
1797 601 1865 674 Ex.
1885 603 1946 695 o6,
1967 593 2040 696 5,

249 733 379 803 teor.
401 752 460 821 14,
482 755 504 820 7
530 750 567 808 et
600 736 632 807 si
666 735 933 814 distinctionem
969 759 1042 806 non
1070 725 1225 826 faciunt
1257 707 1404 814 altar-&⁹
1419 710 1598 833 lquaan'
1631 733 1724 806 inter
1754 759 1885 808 sonum
1919 737 2014 812 hunc
2122 820 2125 824 ,

242 882 282 936 et
303 867 481 952 alterurn,
509 868 654 936 Eccles.
675 887 735 956 27,
756 866 872 960 2¹⁰).
900 907 951 923 -
1003 868 1243 971 Reciprocum
1263 861 1315 932 ita
1332 863 1526 952 indicant,
1554 859 1622 931 sed
1643 863 1818 957 inprimis
1843 847 2015 962 ,ailliunc
2054 956 2057 961 ,

245 981 287 1053 in
315 985 434 1056 finem
462 983 680 1055 adhibetur.
761 1069 764 1075 ι
1291 969 1296 983 ’
1690 1004 1693 1009 ·
1760 981 1768 989 ’
1972 975 1975 978 ’

848 1630 1052 1702 Creon
1104 1627 1406 1700 Tnariun

763 1796 1080 1882 syntaxis
1148 1792 1490 1860 Verborum.

1036 2171 1076 2270 ς.
1131 2180 1214 2250 108.

656 2336 712 2392 Dr
736 2324 939 2408 uytrtaii
971 2339 1210 2394 verborum
1243 2334 1289 2390 in
1324 2331 1598 2415 aripenno.
1703 2332 1706 2336 '

338 2509 399 2577 De
409 2506 624 2577 Verborum
643 2511 792 2601 syntaxi
811 2512 878 2580 ubi
896 2511 1116 2582 accuratius
1139 2480 1360 2602 exponitur,
1389 2503 1531 2597 duplex
1548 2504 1734 2577 solvenda
1755 2481 2006 2602 est-quaestio

237 2636 277 2693 et
304 2620 351 2692 de
377 2635 596 2716 temporum
618 2623 902 2720 modorumque
920 2649 994 2697 usu
1016 2642 1055 2697 et
1073 2624 1120 2696 de
1139 2624 1247 2694 verbi
1267 2646 1355 2691 cnm
1378 2621 1493 2690 variis
1516 2621 1668 2691 casibus
1697 2637 1902 2696 structura.
1958 2633 2004 2699 In

225 2738 343 2823 ‚illam
367 2751 495 2808 autem
524 2738 693 2832 priorem
723 2744 1011 2834 quaestionem,
1044 2724 1163 2837 quum
1190 2739 1444 2826 indicativus,
1472 2738 1612 2829 quibus
1632 2739 1672 2807 in
1694 2739 1843 2831 aliquot
1859 2743 2003 2841 linguis

237 2853 363 2925 utitur
388 2852 526 2945 sociis,
565 2857 727 2950 optativi
761 2873 800 2929 et
832 2861 1072 2933 coniunctivi
1099 2857 1305 2930 modorum
1331 2853 1435 2927 vices
1458 2853 1500 2923 iu
1518 2854 1679 2949 Syriaco
1698 2875 1877 2928 sermone
1894 2880 2004 2958 gerat

235 2970 367 3060 solus,
405 2994 532 3066 neque
560 2977 745 3068 Syrorum
780 2972 956 3071 tempor‘a
983 2978 1134 3075 singula
1163 2984 1334 3067 tantam,
1369 2986 1552 3064 quantam
1581 2958 1772 3047 Hebraica
1801 2975 2005 3049 admittant
2075 3058 2081 3076 ·

235 3089 476 3186 significatus
497 3093 732 3183 varietatem,
749 3103 828 3164 non
856 3111 934 3183 est,
964 3094 1068 3188 quod
1088 3096 1219 3165 multis
1239 3104 1566 3180 commentemur,
1593 3085 2004 3188 neronesimplicissi·
2119 3088 2130 3099 ’

235 3230 338 3279 mam
370 3223 409 3277 et
434 3207 587 3301 planam
616 3213 837 3308 regularum
866 3226 906 3280 et
930 3213 1196 3304 exemplorum
1221 3209 1324 3280 rnole
1345 3208 1567 3278 obruamus.
1619 3209 1877 3281 Praeteritum
1896 3213 2000 3287 eninr

236 3342 276 3395 et
291 3328 482 3396 Futurum
509 3327 607 3394 fixae
626 3344 666 3397 et
686 3327 868 3396 definitae
888 3327 1165 3423 significationi
1188 3325 1365 3394 adstricta
1384 3327 1564 3416 depromis,
1593 3323 1697 3415 quod
1719 3327 1834 3423 vulgo
1854 3329 2001 3420 dicunt,

235 3466 384 3537 ponere
403 3468 476 3513 usu
499 3466 579 3513 non
599 3445 725 3533 venit,
754 3467 882 3537 noque
910 3442 1157 3512 usitatissima
1169 3442 1437 3510 Hebraeorum
1449 3441 1582 3512 Futuri
1598 3445 1782 3517 conversio
1802 3444 1838 3514 in
1850 3450 1998 3522 Praete·

205 3574 212 3587 ‘
236 3563 350 3632 ritum
362 3561 538 3656 Syriacae
556 3563 712 3660 linguae
732 3560 852 3635 indoli
868 3561 959 3630 satis
978 3561 1185 3653 conspirat.
1213 3558 1269 3630 Ad
1284 3559 1442 3628 alteram
1459 3581 1565 3650 vero,
1586 3576 1836 3656 quam'supra
1852 3565 2009 3664 signin,

237 3679 421 3768 cavimus,
433 3681 702 3773 quaestionem
721 3681 767 3749 ab
785 3679 954 3772 antiquis
972 3679 1128 3750 omnino
1144 3677 1361 3775 neglectam
1372 3677 1652 3775 grammaticis,
1662 3679 1814 3759 eamob
1827 3703 2000 3753 caussam

236 3795 585 3868 animadvertamus
610 3820 768 3866 necesse
794 3811 875 3885 est,
911 3793 1016 3888 qnod
1038 3794 1123 3888 Syri
1150 3817 1193 3864 ac
1213 3791 1353 3885 reliqui
1375 3793 1541 3864 Semitae
1568 3794 1776 3867 verborum
1807 3813 2000 3876 structura

237 3935 326 3982 cum
350 3911 429 3981 hoc
446 3911 507 3982 rel
528 3912 595 3984 illo
624 3933 717 3981 casu
746 3911 1050 4004 compositorum
1083 3910 1286 3977 verborum
1315 3908 1508 3976 delectum
1534 3908 1721 4005 singulari
1741 3924 1781 3980 et
1799 3910 1999 4010 ingeniosa

234 4028 386 4100 ratione
426 4029 608 4124 supplere
644 4029 783 4099 solent.
862 4028 982 4096 Cuius
1017 4024 1074 4096 rei
1111 4023 1394 4116 expositionem
1421 4023 1660 4113 absolutam,
1704 4028 1835 4099 omnia
1866 4024 2021 4134 singu,⁸
2132 4034 2136 4041 ’

232 4147 349 4241 laque
379 4147 700 4241 complectentem
726 4143 803 4215 hoc
833 4143 922 4215 loco
955 4165 1005 4211 ne
1031 4154 1232 4235 expectes,
1267 4139 1308 4208 in
1329 4139 1462 4213 lexicis
1493 4141 1577 4231 sub,
1595 4140 1733 4236 quovis
1751 4145 1870 4219 verbo
1887 4171 1997 4245 praa.

234 4262 421 4354 bendum,
449 4263 517 4333 sed
544 4262 674 4357 potius
703 4261 861 4334 nonnisi
880 4258 1088 4355 praecipua
1104 4257 1321 4354 eximiaque
1339 4256 1513 4354 exempla
1534 4258 1687 4333 cuidam
1706 4261 1866 4362 regulae
1887 4270 1999 4343 obse·

235 4379 395 4474 quentia
409 4395 617 4475 certaeque
636 4379 837 4477 analogiae
856 4376 1049 4458 ddstricte.

309 4735 353 4801 ι.)
372 4722 420 4789 ct
448 4731 538 4789 oum
565 4730 693 4802 mur,
715 4728 813 4786 refrt.
837 4739 864 4786 a
882 4729 905 4785 r.
923 4698 1091 4786 rcum
1109 4726 1235 4783 mem
1252 4724 1308 4798 ra
1324 4723 1388 4782 rut
1406 4728 1463 4823 aar
1478 4725 1572 4787 orm
1592 4729 1755 4891 utapro
1775 4736 1937 4815 t·1’·t.p.
1951 4744 1995 4804 r..

393 4840 399 4849 ·
1714 4834 1779 4894 ta

378 4947 390 4983 t
