4530 5544
822 1675 1053 1764 Lrnna
1114 1696 1425 1762 nnnrrns

815 1850 825 1991 Ι.
924 1881 1312 1980 Syntaxis.

1036 2266 1076 2361 S·
1130 2260 1244 2356 10⁷·¹

868 2397 917 2452 De
940 2400 1090 2467 syntaxi
1113 2400 1149 2452 in
1172 2398 1393 2451 universum.

346 2538 587 2633 Quamquam
605 2531 672 2627 qui
689 2530 730 2605 in
745 2534 896 2628 syntaxi
913 2534 1134 2607 adornanda
1154 2534 1458 2625 eundem‘atque
1475 2528 1516 2601 in
1533 2529 1633 2603 libro
1652 2526 1699 2600 de
1719 2526 1903 2603 orationis
1918 2550 2003 2625 par·

243 2654 347 2727 tibus
371 2668 499 2724 servat
527 2652 724 2740 ordinem,
752 2650 939 2722 maiorem
962 2654 1101 2746 procul
1130 2653 1247 2724 dubio
1271 2652 1313 2720 in
1331 2648 1404 2718 hac
1424 2662 1588 2741 utraque
1613 2643 1886 2744 grammaticae
1902 2660 2009 2757 perte

243 2773 387 2844 alliciat
413 2791 668 2858 consensum,
695 2782 826 2836 tamen
855 2766 1151 2866 etymologicam
1175 2768 1386 2855 rationem,
1423 2765 1512 2858 quia
1530 2765 1571 2834 in
1591 2764 1744 2860 syntaxi
1763 2760 1912 2837 nullius
1929 2770 2010 2839 moi

240 2886 367 2958 menti
389 2900 468 2974 est,
496 2907 586 2956 cum
605 2883 747 2975 aptiori
767 2900 1003 2955 commutare
1028 2909 1108 2956 non
1129 2883 1329 2956 haesitavi.
1381 2883 1580 2953 Habemus
1599 2896 1800 2976 praeterea
1818 2880 1941 2957 huius
1951 2876 2047 2985 τοῖ’1

243 3001 466 3094 exemplum
500 3022 664 3096 magnae
698 3001 959 3092 auctoritatis,
997 3004 1141 3134 quippe
1171 3001 1344 3078 Gesenius
1374 2998 1415 3067 in
1442 2999 1581 3069 maiori
1605 2998 1822 3070 Hebraicae
1854 2998 2049 3119 linguae·

193 3111 198 3119 ’
245 3116 495 3217 grammatica
518 3115 718 3185 eandem
707 3122 904 3215 ingressus
932 3134 992 3189 est
1012 3119 1124 3190 viam.
1176 3122 1313 3213 Itaque
1336 3115 1505 3210 primum
1524 3116 1571 3186 de
1589 3120 1752 3205 nornine,
1767 3140 1872 3191 cum
1889 3104 2013 3193 stibio·

206 3250 211 3257 '
247 3251 353 3307 ctum
375 3233 657 3305 sententiarum
682 3232 916 3325 constituat,
945 3233 1084 3306 deinde
1104 3235 1150 3307 de
1167 3237 1381 3334 pronomine
1401 3253 1439 3306 et
1463 3233 1592 3323 verbo,
1618 3250 1657 3304 et
1677 3235 1848 3330 denique
1867 3236 2013 3339 depor-
2044 3318 2048 3325 ,

180 3409 190 3419 .
246 3353 365 3427 riculis
397 3373 653 3446 exponemus.
704 3351 981 3443 Antiquiorum
1007 3356 1347 3450 grammaticorum
1371 3353 1530 3448 plurimi
1556 3353 1734 3446 syntaxiu
1758 3370 1828 3426 aut
1855 3356 2014 3431 omnino
2045 3406 2052 3417 -

244 3469 610 3564 praetermiserunt,
639 3480 708 3537 aut
737 3468 894 3538 nonnisi
921 3469 1048 3539 obiter
1072 3487 1307 3559 tractarunt,
1337 3473 1404 3565 qui
1429 3493 1520 3541 vero
1550 3472 1652 3542 forte
1683 3454 1921 3545 exstiterunt
1946 3472 2016 3549 viri

248 3584 373 3673 docti,
401 3607 487 3652 eam
516 3580 732 3654 accuratius
761 3581 1017 3679 indagandam
1048 3608 1132 3656 esse
1156 3588 1444 3684 intelligentes,
1471 3610 1600 3680 neque
1625 3587 1669 3657 hi
1687 3603 1754 3688 aut
1773 3587 2017 3667 adiumento·
2066 3572 2069 3577 Ι

246 3722 335 3775 rum
365 3700 529 3793 penuria
563 3695 711 3783 vexati,
756 3712 823 3765 aut
854 3712 958 3766 certe
985 3699 1170 3797 diligente
1201 3717 1451 3799 cognatarum
1478 3700 1701 3803 linguarium
1728 3708 2042 3802 comparatim·

250 3818 427 3892 destituti
455 3813 738 3911 praestiterunt
762 3826 802 3882 et
817 3829 1025 3907 ¹proestare
1050 3832 1287 3911 potuerunt,
1313 3821 1417 3913 quod
1446 3821 1631 3892 scientiae
1657 3822 1873 3897 hodiernae
1895 3824 2017 3903 inm·

181 3976 184 3980 ·
247 3937 392 4011 mentis
410 3949 527 4029 atque
541 3929 667 4002 indoli
683 3928 892 4001 sufficeret.
937 3932 1087 4006 Molem
1105 3935 1227 4034 magis
1247 3939 1526 4032 exemplorum,
1541 3914 2017 4034 praecipueebiblioeh

249 4055 430 4125 versione
452 4050 723 4147 repetitorum,
752 4047 950 4139 exhibent,
978 4073 1093 4143 quam
1112 4053 1266 4145 planam
1282 4072 1487 4149 syntaxeos
1506 4056 1815 4151 expositionem,
1842 4074 2018 4158 optumae

251 4183 292 4236 et
331 4168 562 4260 exquisitam
593 4165 817 4261 regularum
848 4166 1129 4254 probationem.
1199 4173 1384 4244 Eminent
1408 4197 1500 4244 sane
1527 4176 1629 4246 inter
1660 4176 1792 4249 omnia
1812 4176 2018 4281 utriusque

251 4280 445 4359 Michaelis
464 4303 594 4375 opera,
621 4280 692 4351 sed
712 4301 761 4348 ne
779 4278 877 4347 haec
899 4280 1069 4375 quidem,
1089 4284 1244 4381 opinor,
1262 4311 1395 4364 omnes
1412 4289 1532 4366 huius
1556 4291 1751 4367 doctrinae
1770 4310 1918 4393 parter,
1943 4318 2017 4399 qn

250 4420 350 4498 opus
368 4413 448 4495 est,
472 4395 713 4496 perfectione
730 4396 945 4471 absolvunt.

1851 4538 1879 4575 ν
1937 4588 1948 4599 ι

908 4669 1369 4701 ⁸*—
