4530 5544
235 377 309 453 108
494 362 570 427 Lib.
593 359 619 423 Ι.
644 357 725 443 Cap.
747 358 774 421 1.
818 356 875 419 Ds
896 368 988 419 rests
1008 330 1179 417 scribendi
1201 368 1234 417 et
1257 323 1504 437 pronuntiandi
1525 353 1736 421 rudimentis.

1042 525 1080 619 5.
1138 535 1193 602 18·
1258 512 1265 531 ⁶

906 656 1076 711 nactast
1101 667 1132 709 et
1159 636 1328 711 irascunt-

375 768 440 822 Cir
461 765 568 819 Arnim
595 778 718 835 gramm
739 759 841 813 Chald.
862 776 890 829 p.
911 765 1285 827 sss-143et419-423.
1325 760 1568 812 Ladamantia
1591 766 1747 832 psammet-
1771 754 2007 853 liupporients·

440 851 582 920 barnup
601 862 726 916 ²6⁹5*
763 842 927 895 Rarbebrasi
944 856 1067 909 gramm
1086 847 1170 892 metr
1188 858 1216 909 p
1235 841 1361 910 (ῖς-67.
1380 841 1449 894 Cod
1470 842 1551 895 Gott.
1614 846 1619 851 '

327 956 488 1035 Syrorum
515 949 723 1030 grammatici
753 945 841 1005 hanc
869 961 942 1004 rem
978 944 1114 1023 copiose
1144 954 1347 1011 tractarunt3
1378 963 1443 1022 quo
1476 965 1552 1004 vero
1583 945 1688 1024 magis
1718 961 1830 1005 veram
1859 958 2011 1024 pronun-

241 1056 417 1119 tiationem
442 1050 584 1111 stabilire
605 1061 639 1107 et
662 1063 856 1107 conservare
879 1043 1028 1117 student,
1050 1061 1089 1101 eo
1112 1044 1232 1103 maiori
1255 1043 1405 1103 laborant
1421 1044 1631 1118 obscuritate,
1653 1062 1762 1122 neque
1782 1045 1821 1105 in
1837 1043 2013 1105 werimum

244 1146 473 1232 exemplorum
503 1145 736 1206 distributione
767 1144 885 1205 utilem
914 1156 1010 1222 atque
1041 1155 1150 1220 aptam
1179 1145 1329 1201 inierunt
1351 1144 1525 1202 rationem.
1571 1143 1717 1222 Regulae
1737 1141 1841 1221 igitur
1862 1142 2012 1222 ipsorum

243 1254 373 1336 saepius
393 1248 579 1326 ambiguae,
602 1257 692 1304 certe
713 1243 828 1303 multis
849 1243 1028 1305 turbantur
1052 1242 1315 1320 exceptionibus,
1339 1260 1421 1321 quae
1445 1256 1658 1321 cognatarum
1681 1241 1904 1303 dialectorutn
1926 1258 2014 1301 cont·

244 1354 419 1466 paratione
449 1344 669 1408 accuratiores
696 1343 891 1403 redduntur.
945 1343 1065 1403 Amira
1087 1341 1264 1401 nominum
1287 1354 1320 1400 et
1340 1341 1515 1403 verborum
1540 1343 1751 1422 asperitatem
1771 1339 2012 1421 lenitatemque

247 1454 383 1518 seorsim
405 1459 525 1509 tractat
547 1445 639 1524 quasi
662 1443 834 1516 diversam,
858 1458 1000 1519 cumque
1021 1442 1058 1499 in
1080 1436 1274 1499 nominibus
1298 1443 1473 1522 praecipue
1496 1444 1619 1503 variam
1638 1441 1853 1522 aspiraturum
1868 1458 2017 1522 prenun-

244 1559 421 1619 tiationens
444 1567 462 1606 a
486 1545 642 1604 varietate
667 1542 841 1613 vocalium,
865 1539 983 1619 quibus
1010 1557 1174 1599 contortae
1196 1538 1430 1617 praecedentes
1455 1541 1652 1608 afficiantur,
1676 1541 1820 1620 pendere
1844 1543 2025 1643 opinetur,
2043 1512 2068 1573 ο

247 1655 391 1734 singulas
419 1644 545 1706 vocales
576 1641 745 1700 divisionis
777 1639 996 1699 fundamento
1034 1639 1153 1708 sumit3
1184 1636 1303 1696 deinde
1336 1638 1423 1717 quod
1453 1642 1630 1718 aspiratae,
1661 1642 1711 1702 uti
1739 1640 1799 1702 ille
1828 1638 1930 1714 dicit,
1960 1653 2016 1701 aut
2061 1646 2067 1653 ‘

248 1770 360 1816 mosae
389 1744 509 1822 (vocali
537 1742 732 1813 instructae)
762 1751 818 1797 aut
847 1742 1050 1818 quiescentes
1080 1741 1223 1812 (vacuae)
1254 1747 1345 1806 sunt,
1376 1736 1499 1816 ubique
1521 1737 1620 1799 liuius
1642 1741 1693 1800 rei
1714 1739 1882 1801 rationem
1903 1739 2037 1802 habet..

248 1854 300 1915 Ex
322 1866 387 1929 quo
419 1842 610 1905 discrimine
642 1858 724 1919 quae
745 1837 913 1918 proiectae
936 1849 1013 1894 sunt
1035 1835 1187 1914 regulae,
1210 1853 1287 1895 cum
1311 1854 1405 1896 verae
1427 1856 1496 1896 non
1517 1838 1736 1916 respondeant
1756 1834 1847 1901 illius
1868 1858 2018 1919 pronun·

249 1947 398 2015 tiationis
429 1960 576 2010 caussae,
608 1938 850 2019 probabilitatis
881 1948 1011 1997 tantuna
1034 1935 1177 2013 speciem
1204 1951 1283 2012 prae
1315 1953 1349 1992 se
1370 1933 1481 1995 ferunt
1503 1937 1681 2017 multisque
1703 1938 1740 1996 in
1763 1940 2018 2025 exemplis-non

252 2054 373 2116 valent.
425 2045 465 2102 In
501 2039 675 2099 verborum
703 2037 847 2115 denique
876 2035 1050 2114 asperitate
1079 2045 1113 2092 et
1139 2030 1275 2091 lenitate
1304 2030 1559 2095 demonstranda
1592 2041 1712 2100 Amira
1743 2037 1871 2099 diversa
1903 2038 2017 2099 verbo·

251 2171 327 2216 rum
350 2160 472 2256 genera
495 2140 664 2216 variasque
688 2135 939 2213 coniugationes
961 2130 1104 2209 respexit
1119 2133 1167 2205 ¹),
1202 2147 1278 2189 cum
1301 2150 1378 2192 vero
1403 2152 1485 2212 quae
1509 2136 1550 2194 nd
1575 2136 1760 2196 doctrinam
1783 2134 1825 2195 de
1844 2136 2020 2199 elementi,

251 2249 423 2337 portinent
446 2242 484 2301 in
506 2237 659 2300 omuibus
686 2233 844 2293 orationis
868 2229 1014 2311 partibus
1037 2227 1151 2288 eadem
1174 2229 1240 2289 sins
1262 2242 1294 2291 et
1317 2248 1386 2290 esse
1408 2231 1565 2305 debeant,
1589 2235 1662 2296 lieri
1684 2255 1754 2295 non
1776 2248 1920 2317 poterat,-
1941 2230 2021 2316 quiri

253 2356 323 2415 ιρις
344 2345 448 2413 idem,
472 2338 560 2419 quod
585 2338 623 2397 de
646 2332 838 2396 nominibus
861 2329 1109 2398 monuerant
1072 2327 1128 2385 hic
1151 2340 1384 2406 repetereta-
1347 2330 1462 2389 -Ex
1486 2335 1697 2413 antiquorum
1720 2336 2021 2415 grammaticorum

257 2436 593 2516 commentationibus
618 2435 656 2493 de
675 2432 740 2505 bac
763 2449 799 2489 re
822 2429 950 2510 scriptis
973 2445 1039 2486 una
1062 2425 1168 2486 adhuc
1190 2427 1347 2487 Rornae
1337 2448 1375 2488 sn
1398 2429 1475 2490 Cod.
1498 2431 1642 2492 Eccbell.
1666 2452 1717 2511 27
1741 2447 1909 2511 servatur,
1939 2453 2022 2515 quae

256 2551 340 2615 Mar
370 2532 471 2604 mm
497 2534 557 2611 (L)
588 2529 752 2593 ⁶⁸¹h⁰l¹0⁰
786 2528 908 2589 tributa
943 2528 985 2588 de
1016 2526 1140 2588 litteris
1162 2528 1268 2589 lenius
1290 2528 1344 2589 vel
1367 2534 1520 2608 asperius
1540 2536 1806 2611 pronunciandis
1828 2534 1896 2617 egit
1911 2534 1957 2615 ¹)
1978 2566 2021 2583 .-

254 2652 347 2712 Bene
368 2643 456 2703 banc
478 2653 549 2698 reru
571 2629 722 2693 tractavit
745 2629 788 2691 de
804 2629 906 2689 Dieu
1229 2630 1234 2641 ·

361 2783 398 2862 1)
425 2775 574 2836 Puncta
600 2761 775 2836 Rachoch
803 2776 841 2830 et
872 2758 1031 2833 Kuscltoi
1057 2760 1195 2829 litteris
1236 2760 1409 2852 aspiratis
1442 2773 1510 2829 Aac
1535 2790 1623 2872 Qu,
1649 2767 1697 2836 in.
1718 2764 1918 2839 codicibus
1943 2792 2024 2841 ma·

259 2882 468 2976 nuseriptis
492 2880 723 2972 plerumque
754 2873 863 2947 rubro
889 2877 1040 2963 colore,
1068 2900 1117 2944 ne
1145 2899 1231 2944 curn
1258 2878 1340 2945 aliis
1367 2879 1521 2970 punctis
1546 2884 1854 2975 confundantur,
1877 2884 1922 2955 iu
1946 2888 2026 2958 uo·

259 3003 382 3079 manis
412 3020 502 3064 vero
532 2996 719 3062 librorum
747 2990 982 3060 editionibus
1010 2992 1139 3063 colore
1168 2991 1322 3082 quidem
1352 2994 1463 3089 nigro
1490 3014 1761 3088 apponuntur,
1788 2999 1857 3070 sed
1871 3000 2025 3098 figurae

260 3119 449 3217 parvitate
486 3109 577 3179 setis
615 3106 918 3203 distinguuntur.
979 3109 1173 3177 Punctum
1199 3108 1298 3178 inira
1323 3109 1407 3177 illas
1448 3110 1594 3181 litteras
1630 3115 1812 3206 aspiratus
1847 3120 2026 3211 positum

209 3224 215 3229 ⁵
265 3229 472 3332 (nachoris)
495 3248 557 3297 eas
578 3227 707 3312 lenius,
735 3224 815 3292 sire
836 3247 919 3294 curn
938 3227 1171 3320 aspiratione,
1201 3242 1244 3294 ut
1266 3224 1311 3297 bb
1335 3230 1372 3314 (v
1350 3225 1409 3321 o‚)
1432 3225 1497 3324 gh,
1525 3227 1587 3314 dh,
1616 3229 1671 3315 cli,
1697 3228 1748 3324 ph
1772 3228 1841 3334 (f),
1867 3234 1915 3307 el.
1932 3236 2028 3341 ⁰²⁶5

263 3353 401 3428 rendas
423 3370 521 3434 esse,
550 3367 664 3435 supra
686 3339 838 3411 easdem
857 3341 1003 3412 litteras
1021 3343 1191 3436 positum
1203 3342 1399 3432 (scusatos)
1416 3366 1479 3412 aas
1491 3346 1617 3418 dusius
1635 3363 1673 3416 et
1692 3351 1768 3421 sine
1784 3352 2026 3469 aspiratipne,

263 3486 368 3570 urb,
398 3481 503 3581 g,d,
530 3477 623 3571 up,
650 3471 870 3569 elegendae
896 3476 1162 3558 esserndrcat,
1201 3457 1835 3611 utipe'u'sls’tlsoboclr(libertuus),
1851 3474 2030 3588 «1ιριὲιέ

267 3610 687 3698 lslsobnils(libritui)3
726 3583 795 3693 {nn
818 3603 1143 3699 s’bhur(putavit),
1165 3621 1287 3687 etms
1305 3607 1417 3678 suber
1435 3612 1720 3702 (annuntiavit)
1773 3620 1831 3689 Ex
1848 3642 1930 3715 quo
1949 3648 2028 3701 usu

265 3762 411 3845 puncta
451 3739 517 3806 illa
550 3737 786 3876 litteraeque
827 3733 902 3798 illis
934 3734 1093 3803 allectae
1130 3758 1273 3803 nomen
1312 3754 1512 3808 traxerunt
1551 3766 1686 3831 suurn3
1733 3730 1808 3843 ‚ssi
1834 3742 1950 3829 enim'
1969 3770 2031 3869 est

267 3879 439 3958 erttollitio
459 3888 497 3944 et
515 3849 609 3938 ωἀο
631 3867 830 3939 induratio
882 3826 1046 3937 Litteras
1068 3886 1159 3938 vero
1177 3866 1302 3939 lenius
1324 3870 1536 3946 efferendas
1555 3856 1640 3961 lues:
1631 3897 1671 3948 m
1692 3884 1827 3973 molles,
1853 3903 1904 3959 et
1912 3910 2030 3999 ⁰⁸P3'

268 4021 348 4090 rius
373 3974 823 4106 pronunciandastili'r'u
849 4000 963 4072 duras
998 4003 1056 4070 vel
1088 4025 1236 4094 asperus
1269 4010 1507 4101 grammatici
1533 4030 1684 4085 vocant.
1757 4024 1951 4097 Lenitcu
1938 4046 2030 4173 ipsa

267 4150 419 4219 litterae
436 4137 595 4210 alicuius
608 4115 701 4212 insi,
721 4133 898 4220 asperitas
915 4116 1019 4207 inuno
1039 4140 1273 4204 nominatur.

268 4296 611 4334 μ

270 4410 325 4466 pn
357 4384 501 4440 monitum
535 4389 593 4445 est,
618 4373 846 4443 geminationem
872 4390 932 4428 ιιοιι
958 4373 1102 4438 adsuitur,
1259 4379 1349 4445 one
1375 4381 1516 4454 singulari
1534 4394 1595 4444 eius
1613 4391 1774 4455 Verborum
1790 4406 2031 4479 stenniugntio·

269 4479 304 4530 in
332 4465 528 4560 grammatica
561 4468 661 4515 nostre
693 4473 758 4508 esna
782 4474 842 4512 non
866 4456 991 4528 amplius
1015 4460 1105 4528 respi·
1190 4477 1260 4514 nurn
1296 4463 1501 4524 distributione
1525 4475 1561 4524 sb
1588 4490 1638 4540 ss,
1671 4494 1748 4547 quse
1772 4486 1850 4556 apud
1876 4501 2032 4549 nonense.

274 4561 375 4613 cij,
1190 4544 1281 4609 salet,
1309 4549 1510 4618 diversissima,
1528 4558 1583 4609 cir.
1601 4558 1628 4626 s.
1652 4578 1694 4633 47,
1713 4582 1758 4634 5⁰
1869 4612 1881 4623 ,

1255 4632 1284 4697 a)
1302 4634 1454 4688 Assemsni
1469 4635 1545 4691 Bibl
1564 4640 1677 4705 Oriens.
1696 4582 1732 4704 1'5.
1748 4653 1805 4706 111.
1821 4655 1854 4713 B
1865 4656 1891 4711 1
1908 4676 1940 4730 p.
1962 4670 2031 4733 m
