4530 5544
118 390 123 409 ¹
238 338 328 461 ιω.
496 381 571 443 Lib.
593 377 619 441 1.
643 374 724 460 Cap.
747 376 775 439 1.
819 377 877 439 De
898 392 991 439 recte
1011 379 1184 442 scribendi
1203 393 1238 441 et
1257 382 1507 457 pronuntiandi
1525 380 1737 445 rudimentis.

1039 547 1076 642 §-
1134 566 1190 635 ¹4-

856 680 998 731 Puneta
1019 678 1202 731 vocalium
1224 680 1376 729 aientia.

372 782 437 837 Cir.
454 780 519 835 Jot.
540 782 642 833 berem
659 779 791 833 lambielrl
803 780 1051 850 Beobacbtungen
1069 796 1125 830 von
1143 780 1211 831 dem
1226 779 1400 832 Gebrencbe
1419 778 1468 832 det
1486 780 1635 848 minthon
1649 781 1753 851 pueri
1771 783 1928 841 dheritici
1943 788 2000 861 aq

442 868 498 919 den
515 865 626 919 Verbis.
661 865 840 934 Goettingen
860 872 934 933 ¹775
956 866 1062 915 Amitae
1080 865 1244 915 Grammat.
1262 864 1372 932 Syriae.
1390 862 1457 916 Lib.
1473 865 1498 915 1.
1517 883 1581 934 cap.
1600 866 1672 918 m

342 974 379 1063 t)
395 973 544 1040 Puncto
562 970 758 1038 diacritico
775 968 829 1063 (g.
842 991 878 1057 9,
889 970 942 1058 3.)
957 968 1018 1035 usi
1034 984 1124 1035 sunt
1141 969 1187 1034 ab
1204 968 1316 1035 initio
1334 970 1486 1057 parcius
1504 988 1620 1060 atque
1636 970 1678 1037 in
1695 993 1769 1041 una
1786 974 1850 1042 vel
1864 980 2002 1069 paucis

239 1085 446 1154 verborum
463 1088 708 1172 flexionibus,
736 1087 900 1154 fortasse
917 1088 955 1151 in
967 1092 1072 1158 Part.
1083 1101 1168 1168 act„
1190 1090 1455 1175 quoPrurseus
1471 1085 1720 1177 exprimitur,
1746 1086 1891 1161 deinde
1909 1117 2003 1171 vero

240 1203 394 1295 saepius
420 1202 465 1271 ad
489 1204 621 1295 plures
644 1204 787 1271 formas
814 1202 1034 1271 luculenter
1060 1200 1302 1287 indicandas,
1330 1202 1381 1270 ita
1401 1219 1446 1270 ut
1461 1204 1528 1294 qui
1543 1226 1646 1271 nunc
1663 1218 1723 1272 est
1739 1208 2004 1299 amplissimus

241 1319 324 1387 eius
343 1342 457 1407 usus,
485 1320 628 1389 sensim
646 1319 868 1407 sensimque
890 1320 1131 1416 exoriretur..
1172 1319 1257 1386 Hoc
1274 1319 1313 1384 in
1334 1341 1466 1387 caussa
1488 1335 1565 1406 est,
1592 1320 1697 1410 quod
1714 1322 1756 1389 in
1772 1323 1860 1391 aliis
1880 1324 2005 1398 eoddss

241 1459 354 1506 mscr.
380 1452 420 1505 et
441 1435 702 1523 editionibus,
728 1434 905 1527 (Psalmis
923 1437 968 1502 ab
986 1437 1147 1529 Erpenio
1166 1431 1294 1522 editis)
1313 1457 1426 1525 parce
1443 1452 1616 1524 tantum,
1641 1436 1684 1504 in
1698 1436 1782 1506 aliis
1799 1462 1922 1523 vero,
1950 1446 2008 1515 uti

239 1552 281 1621 in
318 1554 494 1645 pluribus
521 1552 709 1642 excerptis
736 1553 777 1619 in
807 1554 1004 1622 Assemani
1029 1553 1126 1620 Bibl.
1154 1549 1302 1619 Orient.
1331 1566 1372 1618 et
1395 1552 1492 1620 Bibl.
1516 1554 1665 1649 Polygl.
1687 1555 1799 1651 Angl.
1830 1558 2006 1632 crebrius

241 1683 431 1760 punctum
455 1670 615 1762 ponitur
636 1669 886 1737 diacriticum.
941 1671 1068 1761 Quare
1089 1672 1204 1734 etiam
1226 1664 1308 1732 eius
1332 1668 1559 1758 collocatio,
1588 1693 1806 1762 quanquam
1824 1673 1904 1743 sibi
1930 1701 2008 1747 non

245 1785 455 1875 contraria,
482 1801 612 1855 tamen
630 1810 711 1857 non
731 1783 873 1877 ubique
890 1783 1024 1853 eadem
1043 1799 1113 1855 est.
1166 1783 1303 1851 Rarius
1325 1784 1366 1851 iu
1381 1786 1604 1856 nominibus
1623 1787 1700 1857 hoc
1716 1806 1866 1881 puncto
1886 1808 2009 1865 utun·

243 1920 330 1993 tur,
352 1903 663 1999 frequentissime
680 1905 723 1971 in
738 1902 864 1971 verbis
890 1904 945 1993 ');
973 1903 1181 1993 praecipue
1199 1900 1319 1995 igitur
1336 1902 1542 1973 verborum
1560 1905 1746 1974 flexiones
1762 1900 2008 2000 respicimus.

346 2022 387 2111 2)
415 2021 566 2090 Multus
596 2021 714 2089 huius
746 2017 885 2112 puncti
917 2017 1105 2087 diacritici
1139 2038 1231 2085 usus
1263 2030 1324 2084 est
1356 2017 1396 2082 in
1426 2022 1512 2087 suff.
1534 2042 1557 2107 5
1583 2044 1684 2110 pers.
1707 2023 1735 2089 f.
1765 2032 1798 2101 ω’
1831 2047 1855 2093 a
1877 2048 1934 2098 m.
1959 2028 2011 2109 ω·

247 2136 545 2233 distinguendo,
593 2137 736 2229 quippe
773 2138 863 2204 fem.
898 2151 1087 2228 punctum
1121 2133 1417 2224 superponitur,
1467 2149 1510 2201 ut
1540 2144 1604 2216 ὦ
1629 2139 1681 2207 illi
1707 2140 1854 2231 (iem),
1889 2147 2009 2213 etiam

151 2348 154 2355 Ι
249 2276 336 2325 cum
355 2254 545 2325 vocalium
566 2254 674 2349 signa
695 2253 935 2338 scribuntur,
965 2269 1004 2319 ut
1024 2239 1116 2357 '54⁸3
1137 2250 1301 2321 uisitauit
1326 2273 1428 2336 eum,
1455 2254 1543 2334 otri·
1560 2277 1690 2327 nomen
1708 2255 1803 2326 illius
1823 2256 1900 2351 (i),

347 2382 389 2482 3)
415 2389 521 2481 Quae
546 2387 748 2475 nonnulli,
778 2402 822 2453 nt
852 2384 1015 2456 Datltius
1039 2379 1094 2470 ²),
1123 2398 1253 2450 contra
1278 2407 1504 2457 communem
1531 2403 1764 2476 punctorum
1788 2396 1909 2462 usum
1933 2420 2011 2467 mo·

248 2520 366 2591 nent,
395 2530 439 2573 ex
455 2504 596 2573 horum
617 2506 872 2587 repugnantia
894 2492 1134 2586 repetierunt
1152 2497 1214 2565 his
1233 2500 1565 2571 observationibus
1589 2502 1702 2593 plane
1726 2506 1898 2577 sublata:

300 2608 338 2697 a)
371 2606 530 2700 Diverso
564 2622 739 2698 tempore
774 2609 980 2701 scriptores
1014 2612 1195 2703 quasdam
1234 2617 1439 2685 verborum
1465 2618 1606 2687 formas
1635 2641 1712 2688 non
1741 2624 1869 2693 eodem
1896 2630 2011 2701 modo

402 2738 606 2808 notarunt3

301 2841 343 2929 b)
374 2843 503 2910 cotue
519 2840 669 2908 litterae
686 2855 872 2932 punctum
892 2864 972 2911 non
990 2842 1259 2940 adstringitur;
1279 2848 1402 2916 sicubi
1422 2871 1512 2917 vero
1531 2848 1723 2921 interdum
1745 2876 1822 2923 una
1840 2878 1890 2927 ex
1904 2840 2012 2931 litte·

405 2956 456 3021 ris
495 2955 720 3023 radicalibus
752 2971 819 3023 aut
842 2957 1210 3029 formativisnotam
1238 2965 1430 3056 postulat,
1464 2989 1510 3033 ex
1541 2968 1697 3039 arbitrio
1720 2964 1858 3057 *tamen
1888 2998 2014 3071 super

405 3084 473 3136 aut
495 3071 593 3138 inira
620 3095 754 3139 vocem
776 3095 818 3140 ea
840 3075 1070 3166 plerumque
1094 3095 1225 3171 potest
1251 3082 1453 3172 collocari,
1481 3104 1531 3152 ne
1557 3086 1715 3177 scriptio
1735 3088 1850 3159 anxie
1866 3090 2014 3166 litteris

435 3186 652 3252 umerandis
674 3185 900 3260 retardetur.
1661 3271 1668 3282 ,

304 3306 339 3395 c)
368 3302 489 3397 Signa.
514 3300 731 3390 diacritica,
758 3305 897 3395 quibus
915 3306 1030 3378 lectio
1046 3312 1209 3383 -facilior
1228 3314 1422 3404 redditur,
1448 3316 1584 3385 nonin
1605 3320 1784 3390 omnibus
1802 3330 2012 3423 exemplis,

403 3418 470 3486 ubi
488 3419 582 3510 poni
601 3434 784 3510 possunt,
808 3444 941 3492 revera
958 3447 1206 3518 apponuntur
1216 3433 1266 3523 *).

338 3586 459 3643 Annot.
485 3600 512 3640 ι.
558 3584 755 3660 Quanquam
778 3587 856 3646 libri
879 3588 1043 3648 vocalibus
1066 3596 1221 3654 instructi
1242 3595 1293 3655 his
1317 3600 1418 3677 signis
1440 3618 1508 3659 non
1531 3613 1644 3679 egent,
1676 3602 1714 3664 hi
1736 3622 1868 3687 quoquo
1887 3620 2011 3677 tmen

251 3682 333 3741 haec
364 3693 483 3759 puncta
513 3680 603 3739 haud
631 3698 704 3740 raro
735 3683 900 3745 exhibent
944 3687 1111 3752 Romanae
1141 3694 1304 3755 librorum
1333 3698 1495 3757 editiones
1526 3701 1602 3759 ratis
1634 3720 1671 3761 ea
1703 3716 1735 3763 et
1764 3709 1832 3769 situ
1854 3718 1885 3769 et
1896 3710 2008 3793 fign-

251 3806 296 3846 n
326 3782 364 3843 ab
395 3782 468 3841 aliie
497 3783 646 3862 punctis,
674 3796 805 3843 nostrae
836 3804 912 3845 vero
941 3800 1097 3869 typorum
1119 3794 1247 3854 deiectu
1268 3799 1378 3856 minus
1401 3812 1550 3859 accurate
1572 3800 1789 3883 distinguunt.
1831 3806 2009 3877 Punctum

248 3899 335 3963 illud
366 3917 480 3960 omnes
509 3899 637 3959 litterae
673 3901 857 3983 recipiunt,
891 3920 1019 3984 praeter
1047 3912 1074 3989 i,
1102 3929 1131 3993 ι,
1162 3921 1193 3992 i,
1216 3915 1296 3993 quin
1320 3916 1421 3977 etiam
1443 3916 1511 3979 huc
1531 3918 1610 3980 illuc
1632 3963 1672 3986 a.
1702 3924 1712 3993 1
1741 3924 1835 3986 enirn
1865 3944 2010 4013 proptu

249 4030 373 4112 figurae
392 4032 635 4113 longitudinem
656 4034 767 4095 locum
792 4036 918 4098 obtinet
938 4041 1046 4116 illurn,
1069 4061 1132 4123 quo
1157 4063 1315 4125 punctum
1339 4053 1600 4123 collocarisolet‚
1624 4072 1635 4121 t
1660 4074 1732 4117 vero
1756 4060 1822 4124 eti
1844 4061 1916 4124 itm
1939 4066 2008 4130 alio

249 4163 373 4227 puncto
406 4150 578 4212 diacritico
602 4164 754 4223 utuntur,
786 4167 819 4213 et
839 4153 904 4216 Jud
928 4156 1091 4237 denique,
1123 4164 1150 4220 ti
1174 4165 1204 4223 ei
1225 4179 1387 4244 punctum
1409 4167 1551 4231 adiicere
1574 4173 1671 4251 velit,
1693 4175 1791 4238 facile
1811 4175 1879 4242 hoc
1900 4172 2007 4247 niodo

250 4267 328 4308 cum
350 4246 451 4305 llisch
473 4264 528 4306 aut
550 4249 673 4311 Dolath
696 4251 920 4314 confunditur.

250 4388 593 4418 κ

301 4483 348 4581 ιι),
363 4475 494 4531 Eandem
518 4477 554 4573 ob
581 4493 712 4574 caussam
740 4482 830 4532 amira
853 4482 898 4536 hit
923 4486 1040 4556 punctis
1063 4507 1082 4539 ι
1234 4504 1261 4558 2)
1280 4496 1456 4555 Prnlterium
1474 4503 1665 4570 symensi.
1684 4508 1852 4582 1768.8.in
1870 4518 2001 4585 prum,

250 4578 348 4631 panon
372 4578 479 4614 nomen
503 4562 608 4615 tribuit
630 4577 786 4625 punctorum
811 4578 927 4633 tempora
943 4589 1083 4637 personas·
1167 4595 1196 4647 p,
1212 4580 1341 4638 xum,

251 4667 300 4726 ,aa
320 4648 494 4700 indicantium
512 4647 655 4711 (Gratum
674 4645 736 4712 Ssr·
753 4665 782 4718 p.
801 4652 867 4719 51.).
1235 4668 1262 4731 ⁸)
1276 4666 1324 4753 De
1340 4667 1454 4740 relique
1469 4666 1555 4725 huius
1568 4664 1693 4746 §.parte
1706 4694 1732 4731 r.
1748 4688 1809 4736 not.
1824 4697 1849 4737 ι.
1863 4682 1904 4739 td
1915 4684 1945 4757 ς.
1956 4702 2002 4762 ¹1·

290 4938 304 4975 b
