4476 5536
339 404 390 481 06
602 401 678 466 Lib.
692 402 726 464 ΙΙ.
752 402 833 484 Cap.
855 402 881 465 1.
926 401 983 466 De
1004 417 1095 466 recte
1116 404 1288 467 scribendi
1306 418 1343 467 et
1362 390 1613 485 pronuntiandi
1633 404 1845 467 rudimentis.

341 573 442 664 rint,
469 570 625 645 dillicile
651 572 703 645 sit
726 574 853 664 dictu,
880 574 1044 645 fortasse
1067 588 1224 665 tamen,
1243 592 1333 644 cum
1361 572 1404 645 in
1421 570 1653 667 codicibus,
1681 580 1748 670 qui
1771 574 1892 672 signis
1911 570 2113 647 vocalium

341 692 502 763 omnino
538 708 694 780 carent,
729 693 803 760 iarn
839 706 1069 783 usurpetur,
1107 708 1240 787 quarto
1275 691 1353 761 iam
1386 694 1534 766 saeculo
1558 678 1635 764 usu
1665 709 1728 764 est
1755 711 1979 788 receptum,
2016 692 2113 784 quin

342 810 458 879 etiern
473 809 523 879 de
536 830 586 880 eo
606 812 685 880 iem
697 808 933 906 Epdruemru
947 811 1018 899 (tv
1033 816 1152 904 saec.)
1176 806 1213 902 ⁸)
1239 809 1396 879 locutus
1423 832 1509 882 esse
1526 808 1694 909 ¹ridetur.
1745 813 1833 881 Hoc
1851 807 2009 901 quidem
2028 808 2114 881 noli

342 928 396 997 itu
419 926 689 1019 interpretari,
717 949 760 998 ac
785 928 819 996 ei
835 926 977 1022 prioris
999 926 1189 1020 temporis
1205 927 1416 1019 scriptores
1433 928 1502 1000 illo
1523 928 1636 1024 signo
1653 924 1856 997 diacritico
1874 942 1953 995 tam
1972 926 2113 997 crebro

259 1098 262 1105 .
342 1059 569 1131 uterentur,
598 1064 711 1135 quam
742 1063 878 1138 postea
900 1044 940 1114 id
959 1042 1108 1114 factum
1136 1066 1225 1115 esse
1249 1044 1416 1130 ssimum
1443 1044 1550 1115 haud
1579 1043 1697 1116 dubie
1724 1044 1851 1138 primo
1871 1042 2113 1136 parcissime,

344 1161 483 1232 deinde
508 1162 662 1254 saepius
683 1161 861 1234 adhibito
886 1164 983 1233 haee
1007 1160 1274 1260 distinguendi
1299 1162 1400 1233 ratio
1418 1162 1563 1232 sensim
1578 1161 1684 1257 apud
1697 1180 1838 1233 omnes
1854 1159 2021 1231 invaluit
2045 1160 2114 1254 Sy·

342 1280 424 1349 riae
453 1280 683 1371 scriptores,
711 1301 801 1351 cum
825 1302 873 1349 er
899 1278 1084 1373 primaria
1110 1280 1217 1351 illius
1246 1294 1375 1351 terrae
1399 1279 1538 1352 schole
1555 1293 1594 1351 et
1614 1279 1913 1351 aceleberrimis
1929 1278 2024 1349 viris
2039 1276 2114 1347 lin·

342 1396 783 1495 gueequeperitissimis
800 1396 976 1497 proiecta
994 1413 1110 1468 esset.

1147 1566 1190 1661 §.
1246 1586 1305 1638 ιο.
1381 1594 1384 1599 ·

935 1696 1128 1751 resalium
1143 1680 1252 1767 signe
1269 1699 1519 1754 inueniuntur.

477 1799 544 1855 etr.
558 1798 692 1853 sedullus
710 1800 820 1853 Rarius
832 1799 869 1853 de
886 1815 932 1864 eo,
950 1798 1030 1868 quod
1046 1799 1156 1853 Arabes
1169 1799 1212 1855 nb
1229 1800 1378 1857 hemeris
1396 1794 1586 1873 aeoepmm
1607 1802 1672 1857 tot.
1692 1801 1798 1857 urm
1815 1797 1951 1859 tantm
1965 1812 2036 1855 ron
2047 1798 2111 1855 0·-

548 1884 661 1939 breueh
685 1885 736 1939 des
762 1900 817 1955 syr.
843 1884 946 1955 puncti
971 1883 1118 1937 diaeritiei
1142 1884 1200 1955 bey
1215 1884 1273 1939 sien
1290 1886 1401 1940 Verbis.
1436 1889 1617 1959 Goetn'ngen
1636 1902 1713 1959 1775.
1729 1903 1755 1956 4.
1784 1886 1816 1937 J.
1835 1886 1872 1939 D.
1890 1882 2040 1938 Idieberlr'r
2056 1884 2112 1937 u‘u·

548 1976 620 2022 sert.
652 1969 690 2022 de
713 1966 855 2039 Syrorum
879 1966 1029 2021 vocalibus
1053 1984 1095 2041 erg
1112 1967 1287 2039 prraerno
1330 1968 1463 2044 Gotting.
1490 1974 1565 2046 1762.
1592 1988 1621 2043 4.
1667 1962 1840 2024 Ᾱιιιηιιιιίιιι
1866 1983 1901 2023 ex
1932 1956 2112 2023 uertebrae

548 2053 733 2127 grumerio
751 2053 859 2106 maiori
874 2062 908 2107 et
923 2051 975 2107 lib.
993 2054 1041 2107 lx.
1060 2052 1227 2107 Chronio.
1215 2072 1249 2108 ιιι
1266 2054 1342 2109 Bibl.
1361 2055 1475 2111 Orient.
1494 2058 1530 2110 T.
1547 2058 1572 2109 1.
1590 2075 1619 2126 p.
1639 2056 1681 2123 64
1699 2058 1847 2125 4ῃ-478.
1865 2070 1927 2125 5⁸¹·

450 2161 488 2253 1)
515 2158 879 2235 Pronuntiationem
908 2183 999 2230 vero
1030 2174 1246 2230 accuratam
1273 2159 1501 2250 indicaturi,
1529 2175 1718 2256 quantum
1744 2158 1990 2231 obscuritatis
2014 2179 2114 2253 pun·

346 2293 453 2349 ctum
485 2264 727 2346 diacriticum
764 2275 891 2346 adhuc
920 2276 1180 2369 relinqueret,
1224 2277 1440 2349 necessario
1474 2277 1676 2364 videbant,
1719 2299 1848 2369 neque
1876 2262 1982 2347 enini
2008 2273 2112 2345 illiue

285 2386 289 2397 ¹
334 2400 455 2481 ¹lucus
487 2393 604 2464 certis
623 2393 766 2489 regulis
790 2393 973 2465 delinitus
1002 2409 1081 2484 est,
1109 2409 1308 2486 praeterea
1327 2395 1527 2469 nonnullis
1544 2394 1705 2482 litteris,
1732 2410 1778 2464 ut
1793 2425 1826 2492 t,
1851 2417 1883 2490 a,
1909 2407 2114 2485 isuper·

347 2552 434 2600 roro
450 2542 599 2598 tanturn
618 2525 732 2597 adiici
748 2543 922 2621 poterat,
950 2552 999 2598 ne
1016 2528 1118 2598 forte
1133 2529 1320 2599 maiorem
1340 2531 1381 2599 in
1394 2516 1569 2601 'errorem
1590 2524 1811 2597 deduceret.
1865 2521 2116 2595 Grammatiei

344 2649 465 2747 igitur
485 2628 538 2716 de
561 2644 638 2713 alia
663 2643 817 2715 ratione
842 2644 1203 2739 pronuntiationem
1232 2662 1450 2717 accuratam
1474 2644 1719 2743 significandi
1740 2641 1981 2741 cogitatuum
2009 2640 2116 2735 quod

345 2765 555 2841 consilium
570 2763 787 2833 litterarum
804 2761 1045 2855 syriacorum
1064 2761 1236 2833 conditio
1258 2777 1297 2832 et
1311 2763 1476 2833 mirifice
1493 2762 1642 2833 adiuvit
1658 2777 1700 2830 et
1718 2758 1915 2854 quomodo
1932 2759 2115 2845 facillime

348 2898 482 2981 posset
507 2879 674 2974 expleri,
702 2875 924 2949 luculenter
941 2877 1182 2951 monstravit.
1235 2878 1357 2949 Variis
1378 2880 1482 2948 enim
1502 2879 1691 2952 librorum
1708 2877 1855 2949 Graece
1876 2878 2116 2972 conscripto·

349 3029 436 3077 rum
463 2998 707 3070 versionibus
738 2995 880 3067 eruditi
897 2995 1158 3089 peculiaribus
1175 2993 1315 3077 litteris
1334 2995 1375 3066 in
1391 2995 1457 3064 ille
1473 2995 1609 3094 lingua
1629 2996 1780 3069 vocales
1798 2994 1963 3088 exprimi
1979 3018 2141 3069 neceb.
2159 3038 2169 3059 ι

349 3124 450 3196 serio
475 3117 670 3203 viderant,
698 3136 814 3206 quem
840 3129 971 3185 temen
997 3136 1168 3203 morem,
1195 3132 1285 3181 cum
1308 3112 1515 3183 Semiticae
1543 3113 1709 3184 dialecto
1733 3111 1841 3182 valde
1865 3130 2118 3211 repugnaret,

348 3246 391 3313 in
411 3235 600 3331 Syriacam
626 3232 854 3324 scripturam
875 3231 1047 3325 recipere
1066 3229 1291 3322 nequibant.
1346 3229 1495 3303 Graece
1513 3256 1604 3302 vero
1622 3230 1802 3316 nomina,
1827 3229 2004 3323 inprimis
2025 3252 2117 3323 pro-

348 3357 432 3454 pria
454 3352 495 3425 in
511 3350 710 3443 Syriacum
728 3371 949 3420 sermonem
965 3347 1241 3435 transferentes
1258 3348 1466 3441 perspicue
1483 3350 1652 3421 scribere
1670 3346 1854 3437 volebant
1870 3361 1909 3416 et
1927 3348 2115 3443 temporis
2129 3336 2146 3351 ”

349 3478 533 3548 decursu.
563 3482 605 3537 ut
633 3488 766 3538 ornnes
789 3466 943 3537 illarum
968 3489 1108 3537 vocum
1135 3486 1253 3536 sonos
1281 3466 1510 3557 redderent,
1539 3487 1691 3535 summo
1719 3462 1849 3534 studio
1873 3463 2113 3537 laborarunt.

349 3600 475 3688 Quare
504 3585 568 3656 elii
595 3583 745 3653 vocales
767 3583 953 3670 Graecas,
982 3605 1070 3652 curn
1087 3581 1305 3650 litterarum
1323 3582 1440 3651 seriei
1458 3607 1523 3653 ees
1541 3596 1702 3674 propter
1719 3581 1877 3676 linguae
1891 3576 2116 3679 repugnans

350 3713 443 3782 tiam
468 3706 640 3776 inserere
667 3720 747 3767 non
773 3698 930 3786 liceret,
964 3698 1103 3767 litteris
1130 3697 1211 3767 suis
1240 3697 1553 3788 subscribebant,
1587 3698 1656 3766 sed
1683 3697 1798 3768 initio
1813 3697 1968 3769 modice
1986 3698 2113 3771 sicubi

350 3828 461 3899 talde
487 3815 750 3891 necessarium
777 3814 985 3909 putabant,
1019 3815 1085 3884 elii
1109 3836 1201 3886 vero
1227 3830 1463 3907 punctorum
1486 3815 1671 3885 verietate
1697 3814 1849 3885 vocales
1876 3810 2117 3891 Graecorum

350 3944 564 4041 exprimere
591 3947 811 4022 tentarunt,
848 3931 915 4002 alii
939 3924 1106 4025 denique
1133 3932 1245 4003 noris
1266 3931 1406 4005 litteris
1433 3949 1501 4002 aut
1525 3947 1629 4002 certe
1656 3933 1887 4025 quibusdam
1913 3934 2118 4045 quiescen-

352 4065 450 4137 tium
466 4054 745 4133 mutationibus
767 4047 959 4120 deiectum
976 4044 1169 4123 vocalium
1187 4049 1447 4147 supplendum
1466 4072 1552 4121 esse
1571 4063 1768 4144 putarunt.

420 4311 1189 4421 ⁸)OPP·35¹'·T·1·P·minol‘ss'mundffln'
1276 4340 1375 4393 Attinst
1405 4342 1487 4406 scire,
1516 4359 1565 4393 nor
1582 4339 1717 4408 hucusque
1734 4332 1854 4421 iem
1843 4342 1977 4395 inustum
1993 4344 2025 4413 tp
2041 4357 2116 4399 utre-

352 4436 476 4495 nm
494 4450 542 4500 ⁸4·
562 4425 686 4511 irM-*g
707 4397 853 4497 i-fflss
874 4392 974 4498 18⁰³,ss
996 4392 1097 4511 “rm
1117 4433 1186 4506 *⁰3¹
1274 4466 1325 4517 qus
1341 4462 1513 4514 tetrasemo,
1538 4467 1620 4517 neque
1632 4442 1737 4518 145οο
1771 4455 1812 4503 nri
1837 4464 1965 4512 putemne
1989 4454 2119 4505 eom-tu

351 4558 477 4637 1434,
509 4552 644 4620 m-o·
674 4524 837 4629 »mali-d
870 4547 1033 4652 &mim
1063 4524 1191 4639 Μ
1275 4550 1410 4615 impensor
1411 4568 1464 4600 um.
1492 4548 1647 4618 Quomodo
1666 4550 1745 4602 eninr
1759 4548 1940 4620 Ephraeurus
1958 4561 2118 4625 utrumqne

1274 4649 1376 4687 vocem
1412 4633 1592 4705 distinguere
1624 4635 1752 4702 potuerit
1781 4636 1839 4687 nisi
1865 4637 1949 4704 signo
1975 4636 2115 4707 qnehu,

355 4634 614 4764 stiffi-23⁶
637 4659 658 4761 ii
680 4696 750 4780 (ὃ)
771 4667 919 4777 ῳ-ΗῙ
942 4678 1085 4763 ‘’r-²³¹²
1113 4650 1190 4770 >···*i
1276 4719 1403 4772 ronam
1422 4714 1515 4786 luitur
1532 4724 1643 4786 puncto
1661 4717 1815 4774 dianium
1831 4718 1892 4775 iana
1909 4718 2053 4776 adhibite.
