4530 5544
366 399 405 452 m
601 458 604 465 Α
948 371 1506 461 ‘Pnaarsrru

300 574 304 591 ¹
328 635 330 640 .
363 576 648 675 praesagiebat
665 576 858 650 animus‘
895 580 990 678 Quo
1018 571 1125 668 facto
1141 574 1239 651 iude
1259 601 1307 649 ex
1327 576 1403 650 illo
1423 538 1607 676 tempore
1629 577 1916 676 grammaticae
1943 580 2023 652 soli
2051 562 2148 679 ope·

307 747 310 751 -
365 730 450 776 ram
480 730 618 777 meam
642 702 885 802 impendere
912 705 1053 802 cpepi,
1089 729 1192 800 quae
1219 705 1264 776 in
1294 705 1468 802 singulis
1497 709 1589 780 eius
1618 705 1809 804 partibus
1838 720 1909 777 aut
1936 707 2148 784 illustran-

366 832 417 906 da
450 848 489 904 et
516 830 758 931 exponenda
785 845 854 921 aut
882 829 1113 928 supplenda
1141 847 1181 903 et
1206 832 1391 930 augenda
1423 857 1509 905 esse
1543 832 1818 920 videbantur,
1868 830 2056 931 undique
2082 834 2146 907 iu·

343 949 528 1034 ¹defesso
556 960 695 1034 labore
723 981 921 1054 quaerens
951 972 990 1028 et
1014 959 1059 1030 in
1089 960 1354 1032 collectiones
1382 957 1497 1033 hunc
1525 961 1569 1033 in
1599 957 1723 1034 finem
1743 961 1955 1033 institutas
1972 957 2148 1032 ,assidue
2199 1026 2207 1043 ,

281 1128 284 1133 ⁴
366 1086 559 1170 condens.
615 1092 699 1160 Hac
717 1101 854 1159 autem
877 1109 921 1158 re
941 1085 1037 1158 satis
1056 1102 1277 1184 occupatus
1299 1087 1413 1160 Halis
1434 1091 1574 1161 Ieuam
1590 1086 1743 1162 ,ductus
1763 1086 2146 1184 sumaproviden·
2187 1092 2192 1108 ’

365 1217 420 1289 tia
442 1214 600 1300 divina,
617 1214 702 1315 *ubi
724 1229 862 1286 tamen
881 1213 1146 1310 propositum
1167 1213 1284 1286 nullo
1303 1229 1423 1313 pacto
1441 1214 1697 1303 abiiciebam,
1728 1213 1800 1286 sed
1816 1210 1930 1309 quod
1953 1216 2143 1288 muneris

262 1393 266 1404 ,
366 1345 450 1416 mei
465 1339 606 1419 officia
621 1343 729 1413 mihi
748 1337 1039 1435 relinquebant
1065 1341 1155 1426 otii,
1183 1366 1269 1415 nou
1298 1343 1433 1415 solum
1456 1342 1510 1416 ad
1536 1343 1799 1418 collectiones
1828 1340 2045 1439 augendas,
2075 1339 2148 1414 sed
2213 1410 2216 1418 r

367 1465 569 1544 etiamad
596 1467 941 1540 diiudicationem
966 1489 1135 1559 eorum,
1173 1464 1277 1564 ipuae
1304 1468 1353 1540 ab
1382 1470 1472 1540 aliis
1501 1471 1776 1566 grammaticis
1805 1468 1998 1565 praestita
2018 1482 2144 1551 erant,

76 1677 79 1684 ,
164 1642 168 1649 ρ
281 1591 648 1672 ''adlribendum
666 1619 750 1667 esse
772 1590 882 1690 apud
900 1617 966 1664 me
987 1592 1301 1666 constituebam.
1333 1598 1445 1695 Quae
1463 1597 1708 1667 omniacum
1728 1591 1890 1665 facilem
1904 1608 1942 1664 et
1962 1618 2146 1667 commo·

357 1726 467 1800 „dum
479 1722 586 1796 libro
607 1719 768 1806 edendo
785 1745 1049 1819 progressum
1069 1736 1382 1825 augurarentur,
1399 1737 1438 1793 et
1459 1723 1642 1819 exempla
1658 1722 1944 1822 grammaticae
1955 1723 2045 1793 LD.
2062 1721 2147 1795 Mi·

311 1874 331 1884 ·’
367 1851 538 1935 clraelis,
568 1873 672 1946 quae
690 1846 990 1946 proculdubio
1012 1848 1121 1919 inter
1149 1872 1292 1921 omnes
1320 1850 1557 1947 principem
1586 1851 1725 1922 locum
1753 1849 1870 1921 omni
1888 1849 1981 1920 iure
2006 1861 2146 1920 tenuc-

366 1995 450 2066 rat,
487 1975 665 2050 iamdiu
693 1974 862 2053 vendita
889 1999 975 2048 esse
1004 1951 1144 2049 omnii
1169 1975 1470 2073 perspicerem,
1522 1973 1718 2051 adfinem
1747 1976 1856 2049 milri
1880 1976 2147 2073 ¹propositum

366 2110 507 2207 ipsum
528 2100 812 2204 „progrediens
852 2101 1085 2200 colligendo
1130 2115 1379 2207 tantum'et
1414 2104 1460 2178 iu
1498 2103 1657 2176 loculos
1691 2077 1932 2199 reponendo
1969 2102 2148 2199 amplius

210 2216 216 2227 ⁴
322 2235 587 2333 „indulgere
616 2232 760 2318 nolui,
805 2228 877 2304 sed
901 2231 1042 2328 potius
1075 2231 1358 2327 grammaticae
1394 2226 1633 2306 scribendae
1674 2229 1834 2325 iisque,
1887 2251 1993 2324 quae
2027 2227 2145 2302 invo-
2233 2312 2236 2317 ,

255 2453 257 2458 ,
331 2387 532 2463 meram,
558 2361 607 2433 in
631 2359 850 2457 publicum
879 2356 1128 2431 emittendis·
1146 2382 1313 2432 omnem
1343 2357 1480 2432 dicavi
1507 2380 1686 2454 operam.
1738 2359 1805 2430 Ne
1832 2354 2147 2454 verotypothe·

201 2557 204 2569 .
300 2492 305 2499 ’
348 2487 623 2572 analaborc,
659 2509 780 2581 quem
810 2485 1004 2562 inlibris
1032 2485 1159 2560 huius
1187 2487 1350 2583 generis
1378 2481 1588 2562 difficilem
1628 2508 1714 2559 essa
1736 2484 1984 2582 magnisque
2010 2496 2149 2567 et-vaq

371 2622 445 2696 riis
492 2615 744 2712 interrumpi
789 2611 1100 2712 impedimentis
1140 2615 1483 2712 nemoignorat,
1536 2638 1642 2711 opus
1685 2613 1813 2688 trimis
1858 2604 2146 2696 retardaretur,

260 2793 271 2817 χ
371 2744 623 2848 typographi
649 2741 841 2814 manibus
871 2741 1045 2827 tradidi,
1075 2756 1183 2836 quae
1204 2743 1338 2839 primu
1366 2741 1540 2815 editioni
1568 2763 1826 2838 paraveram,
1853 2738 2146 2834 prolegomena

373 2891 414 2947 et
440 2870 725 2972 grammaticae
752 2868 883 2964 ipsius
911 2882 1069 2966 partem
1096 2868 1269 2946 minime
1296 2893 1489 2966 parvam,
1518 2892 1684 2967 sperans
1716 2863 1805 2941 fore
1830 2879 1878 2938 ut
1905 2865 2146 2961 incoeptum

372 3000 576 3097 extemplo
600 2996 848 3070 continuare
879 3008 939 3080 et,
968 2995 1041 3090 qui
1067 3010 1168 3069 tunc
1195 2996 1393 3093 temporis
1422 2995 1610 3073 nondum
1639 2995 1783 3094 scripti
1812 3008 1950 3077 erant,
1986 2991 2143 3067 librum

374 3126 606 3203 secundum
634 3138 675 3195 et
702 3123 870 3198 tertium
894 3120 1014 3195 b'revi
1041 3133 1139 3242 post
1162 3122 1374 3199 absolvere
1399 3147 1572 3220 possem
1628 3129 1714 3196 Hac
1733 3138 1868 3193 tamen
1894 3122 1940 3193 in
1962 3143 2005 3191 re
2022 3121 2147 3190 vehe-

371 3255 531 3332 menter
549 3247 675 3343 uteie
681 3246 812 3323 fellit
805 3275 893 3324 mea
912 3249 1148 3348 expectatio
1202 3254 1317 3323 Nam
1331 3248 1445 3346 quod
1463 3249 1568 3324 m1hr
1582 3272 1852 3348 promiseram
1878 3244 2034 3331 otium,
2072 3259 2144 3324 aut

257 3438 269 3455 .
372 3365 537 3459 scholae
559 3376 771 3473 habendas
799 3387 1046 3474 eorumque,
1082 3376 1257 3473 quaein
1285 3376 1339 3450 iis
1367 3371 1574 3449 tractanda
1603 3391 1737 3458 erant,
1782 3369 1993 3454 collectio,
2035 3368 2146 3449 diiu-

374 3476 536 3589 dicatio
554 3501 600 3580 et¹
620 3505 844 3578 elaboratio
872 3505 981 3578 mihi
1007 3503 1238 3599 abripuere,
1276 3516 1435 3599 praeter
1463 3500 1620 3572 scholas
1659 3497 1908 3595 theologicas
1937 3511 2030 3594 post
2056 3497 2143 3571 Jao·

376 3638 601 3741 segurteuii
628 3631 804 3728 collegae
831 3629 1073 3703 amicissimi
1099 3627 1325 3701 discessum
1352 3627 1502 3700 veteris
1540 3621 1718 3700 foederis
1747 3625 1934 3722 exegesiir
1961 3638 2003 3704 et
2035 3624 2143 3705 litte·
2175 3703 2188 3717 ,

376 3788 516 3840 rarum
545 3757 809 3847 orientalium
837 3755 972 3830 studia
1000 3754 1239 3829 acroasibus·
1260 3755 1309 3827 in
1334 3753 1410 3826 hac
1436 3754 1703 3850 universitate
1731 3750 1960 3834 adinventi,
1987 3762 2057 3823 aut
2074 3748 2141 3834 iis,

377 3914 478 3991 quae
508 3883 880 3985 imprimebantur,
926 3879 1182 3982 corrigendis
1218 3906 1262 3955 ac
1298 3881 1473 3979 repetito
1505 3874 1683 3955 examini
1707 3877 1994 3962 subiiciendis,
2040 3901 2143 3973 quae

359 4041 444 4117 -res
465 4030 670 4114 quantum
700 4012 825 4091 taedii
852 4012 1018 4101 lrabeat,
1060 4026 1263 4109 quantum
1288 4012 1488 4109 temporis
1517 4012 1711 4109 postulet,
1739 4009 1848 4081 inter
1876 4026 2018 4081 omnes
2046 4024 2172 4127 con·x

378 4162 477 4231 sut,
514 4140 599 4217 sere
633 4157 768 4249 totum
794 4155 1059 4215 consumtum
1094 4154 1164 4212 est.
1233 4142 1345 4241 Quae
1374 4163 1467 4211 cunr
1496 4138 1552 4210 itu
1580 4139 1685 4226 sint,
1724 4138 1769 4211 in
1799 4156 1922 4232 opere
1950 4142 2141 4225 suscepto

378 4298 445 4351 me
474 4274 586 4346 lento
614 4268 743 4369 gradu
769 4271 1015 4370 perrexisse,
1052 4292 1137 4341 nou
1164 4265 1388 4341 miraberis.
1461 4264 1601 4368 Quid?
1642 4264 1754 4370 quod
1781 4259 1999 4335 oculorum
2026 4253 2144 4335 dolo·

297 4408 302 4425 ‘
378 4425 443 4479 res
472 4399 729 4476 acerbissimi
751 4415 790 4474 et
818 4399 1070 4499 pertinaces,
1117 4396 1191 4495 qui
1216 4395 1300 4470 iam
1327 4395 1440 4471 llalis
1469 4395 1683 4496 degentem
1711 4399 1895 4485 saepeet
1920 4383 2149 4463 vehemens

380 4545 443 4607 ter
461 4529 690 4606 cruciarunt
716 4542 751 4602 et
773 4528 877 4602 mala
895 4523 1145 4602 valetudinis
1168 4524 1369 4653 condicto,
1394 4524 1645 4602 sedentariae
1661 4520 1770 4594 vitae
1790 4512 2026 4626 adhaerens,
2056 4526 2142 4585 stu·
