4530 5544
680 382 766 461 bt.
816 382 1066 464 Deliaguc
1092 384 1320 447 dramata·
1852 368 1878 443 7

116 557 259 653 potuit,
278 564 481 650 antequam
495 553 540 626 ad
553 554 673 627 libror
692 551 995 627 consciibendos
1011 534 1284 638 adhiberetur5
1310 551 1475 623 lentare
1494 539 1878 642 quoqueantiquiora

117 666 260 768 scripta
302 670 553 763 exstiterunt,
602 668 907 763 adaequalem
943 668 1155 773 deperdita.
1238 669 1346 740 Haec
1380 668 1603 763 ignoramus
1638 678 1753 753 atque
1784 678 1877 729 sane

119 790 168 860 de
205 790 329 883 prisca
362 788 521 886 linguae
565 789 717 860 ratione
752 786 910 858 nonnisi
949 780 1144 881 perpauca
1185 806 1309 879 eaque
1342 783 1498 875 quidem
1537 780 1762 890 coniectura
1795 773 1878 848 sola

118 926 324 1000 pontumue
353 904 550 998 consequi.
602 907 778 999 Quorum
803 903 967 975 certiora
991 900 1261 974 haechabeto.
1316 900 1418 973 Olim
1440 895 1875 992 Aramaealinguacum

119 1021 293 1118 cognatis
317 1023 433 1117 plene
459 1022 667 1094 coniuncta
693 1020 869 1092 dialectis
891 1012 1128 1116 peculiarem
1153 1019 1386 1090 Semitarurn
1409 1016 1582 1114 linguam
1601 1009 1875 1098 constituebat,

117 1136 220 1207 unde
253 1155 390 1231 postea
424 1138 602 1234 singulae
633 1137 776 1210 sensim
814 1150 1114 1231 promanaruntr
1152 1157 1250 1228 quaa
1278 1159 1339 1206 rea
1368 1132 1485 1205 simili
1511 1133 1612 1203 iacta
1641 1144 1702 1200 est
1726 1127 1925 1231 ratidnan

116 1243 233 1345 atqua
261 1254 458 1348 antiquior
477 1255 716 1327 Graecorum
739 1254 885 1350 lingua,
913 1254 1039 1345 qualis
1061 1252 1103 1323 itt
1122 1251 1285 1322 llomeri
1308 1248 1541 1321 carminibus
1559 1243 1876 1341 deprehenditur,

115 1373 297 1462 sequenti
328 1384 506 1464 ternpore
529 1369 682 1464 peperit
708 1368 831 1439 varias
860 1369 1059 1440 dialectos.
1121 1371 1245 1465 Quam
1272 1359 1400 1467 lege'm
1426 1366 1641 1435 cummunis
1671 1359 1875 1432 Semiticae

114 1485 274 1582 linguae
292 1483 475 1557 formatio
498 1484 695 1577 sequitur,
719 1509 854 1556 omnes
872 1484 954 1554 iere
974 1482 1125 1554 radices
1142 1484 1264 1554 tribus
1284 1481 1545 1555 constituendi
1564 1480 1703 1551 litteris
1724 1492 1764 1546 et
1783 1475 1876 1546 dua·

114 1601 190 1669 bue
209 1600 379 1694 syllabis,
397 1624 482 1672 earn
501 1604 835 1672 neAramaeorum
856 1599 1012 1691 quidem
1029 1599 1226 1695 abrogavit
1243 1620 1392 1684 serm03
1417 1597 1501 1707 sed,
1523 1596 1627 1692 quod
1649 1594 1696 1665 de
1714 1592 1874 1685 reliquis
1976 1605 1998 1697 '-

117 1739 274 1809 quoque
299 1718 401 1787 valet
428 1715 624 1804 dialectis,
652 1738 737 1786 earn
756 1739 838 1786 non
855 1716 901 1786 ab
921 1714 1036 1786 initio
1060 1714 1214 1786 ridetur
1233 1740 1318 1791 ease
1335 1730 1514 1804 secutus,
1537 1717 1656 1785 immo
1677 1713 1762 1782 eius
1776 1707 1875 1815 ¹⁸⁶¹?

115 1853 180 1903 ces
197 1831 365 1926 primum
380 1831 501 1903 luisse
520 1831 844 1903 verisimillimum
862 1847 921 1903 est
936 1831 1432 1927 monosyllabae,temporis
1452 1846 1583 1903 autem
1602 1831 1767 1902 decursu
1784 1840 1875 1921 pust

113 1945 158 2015 in
187 1947 283 2017 duae
302 1948 441 2016 abiisse
458 1947 635 2040 syllabae.

199 2113 322 2178 Annos.
347 2130 374 2174 1.
436 2110 710 2194 simplicissimae
745 2123 841 2197 atque
878 2101 1130 2196 antiquissimae
1163 2134 1283 2179 vocum
1312 2116 1415 2180 etiam
1445 2135 1534 2179 nnnc
1569 2108 1661 2178 statu¹
1683 2106 1874 2194 emphatice

113 2211 242 2276 abiecto
264 2211 512 2293 monosyllabae
535 2225 627 2285 runt,
659 2214 708 2275 uti
731 2190 787 2283 ,ol
815 2226 924 2293 pater,
964 2214 1015 2305 >01
1035 2226 1143 2275 mater
1162 2227 1225 2276 cet.
1268 2218 1308 2279 In
1330 2219 1503 2299 permultis
1527 2219 1687 2299 Syrorum
1710 2230 1812 2292 aeque
1834 2226 1873 2268 ac

89 2312 343 2374 ·Hebraeorurn
373 2313 479 2372 verbio
510 2311 594 2372 dnae
623 2323 755 2374 tanturn
786 2326 949 2374 contortae
980 2330 1058 2374 rere
1088 2315 1298 2376 constituunt
1318 2308 1494 2392 radicem,-
1524 2316 1643 2400 quibur
1673 2309 1873 2395 significatio

113 2413 319 2485 annectitur,
350 2411 449 2472 tertia
476 2430 554 2471 vero
583 2412 738 2487 lortuita,
772 2430 881 2495 neque
907 2412 1111 2487 necessaria,
1139 2413 1252 2494 itaque
1280 2415 1413 2481 seriorir
1440 2417 1580 2497 originis
1601 2428 1659 2478 ert.
1704 2413 1803 2477 Unde
1823 2409 1873 2486 iit,

112 2526 149 2573 ut
166 2514 270 2573 multa
286 2510 381 2572 verba
397 2506 461 2576 ”oa
476 2526 509 2572 et
525 2507 617 2584 '‘r-or
638 2506 697 2581 ''tt
717 2527 750 2573 et
763 2510 828 2577 ”aa
855 2528 912 2574 aut
940 2506 1010 2576 ''r-o
1037 2512 1155 2574 eodem
1177 2528 1343 2595 ponantur
1366 2515 1566 2597 significatu.
1611 2516 1774 2579 Rudinum
1792 2531 1871 2573 reto

111 2612 369 2694 productionem
390 2611 524 2671 terioris
539 2612 610 2673 aevi
626 2629 810 2691 sparsere,
836 2610 1131 2676 docetHebraicee
1143 2610 1280 2695 linguae
1295 2634 1373 2675 cunr
1390 2617 1550 2677 &amaea
1568 2626 1603 2677 et
1618 2614 1761 2677 Arabica
1783 2632 1872 2675 com·

111 2714 237 2794 paratio
248 2735 257 2783 ;
291 2711 343 2771 hie
365 2712 457 2773 enirn
472 2711 634 2794 permulta
652 2723 729 2770 sunt
747 2711 993 2793 quadrilittera,
1021 2711 1130 2797 immo
1145 2714 1248 2776 etiam
1267 2716 1539 2801 quinquilittera,
1565 2716 1605 2781 in
1626 2712 1870 2799 antiquioribus

110 2832 189 2875 vero
211 2811 443 2875 Hebraeorum
463 2811 559 2874 libris
581 2811 664 2872 haec
686 2829 763 2871 raro
787 2824 920 2872 tautum
941 2811 1166 2892 reperiuntur.

195 2915 317 2976 Annon
339 2930 368 2974 a.
411 2913 453 2973 In
480 2910 630 2994 pluribus
651 2911 775 2991 linguis
796 2913 921 2974 multae
941 2911 1162 2976 inveniuntur
1184 2906 1279 2977 voces
1303 2919 1628 3001 onomatopoeticae.
1649 2919 1688 2979 in
1709 2917 1872 2979 Aramaet

108 3027 222 3077 autem
247 3014 317 3073 lere
338 3011 469 3171 mallee,
500 3013 568 3079 nisi
596 3010 725 3091 aliquot
737 3010 1007 3093 monosyllabae,
1036 3032 1120 3096 qnae
1137 3017 1224 3079 rano
1244 3018 1426 3102 antiquitus
1442 3018 1572 3084 radicet
1588 3023 1688 3085 luisse
1702 3018 1870 3099 monosyl-

106 3114 197 3175 labas
223 3113 347 3193 optime
393 3123 476 3174 ocet.

212 3246 252 3336 6)
278 3242 391 3336 Quod
422 3244 561 3313 attinet
585 3244 631 3314 ad
661 3269 798 3315 vocum
828 3262 868 3319 et
890 3248 1104 3324 flexionum
1125 3256 1296 3349 copiam,
1319 3255 1420 3327 haec
1439 3256 1626 3328 dialectus
1645 3282 1725 3330 non
1743 3259 1871 3329 solum

81 3361 315 3448 ·Arabicae,
355 3360 457 3428 inter
493 3384 629 3430 omnes
665 3361 788 3431 multo
814 3362 1047 3458 ditissimae,
1081 3368 1373 3466 postponenda,
1404 3371 1613 3443 sedetiam
1644 3376 1870 3463 llebraicae,

110 3500 199 3546 curn
228 3490 382 3545 externa
406 3476 446 3545 in
472 3476 644 3572 linguam
672 3491 825 3570 recepta
851 3478 926 3572 ipsi
950 3482 1069 3554 tribui
1096 3508 1176 3561 nun
1200 3485 1378 3557 debeant.
1434 3491 1541 3583 Quae
1562 3490 1735 3583 quamvis
1755 3490 1809 3561 ita
1827 3516 1869 3562 se

107 3594 297 3682 habeant,
332 3591 492 3662 minime
530 3608 660 3663 tamen
687 3592 785 3662 haec
811 3594 945 3691 lingua
972 3622 1097 3696 egena
1123 3616 1254 3696 potest
1278 3594 1491 3694 nominari,
1519 3606 1638 3700 quid?
1676 3608 1782 3700 quod
1805 3613 1874 3702 Sy·

107 3709 211 3778 riaca
239 3712 449 3803 praecipue
481 3710 667 3781 dialectus
710 3709 977 3784 diuersissimis
1013 3715 1123 3787 libris
1156 3721 1446 3793 conscribendis
1481 3723 1592 3795 valde
1625 3726 1776 3796 exculta
1811 3744 1870 3799 est

107 3823 165 3919 (h
183 3842 219 3910 ⁹2
239 3846 269 3892 ¹·
290 3831 354 3915 2·)·
1428 3928 1433 3935 .

214 3942 254 4029 7)
274 3939 328 4006 nd
347 3944 620 4010 dramaeorum
642 3940 816 4038 linguam
836 3942 1007 4036 pertinet
1026 3944 1143 4018 etiam
1166 3954 1413 4026 Samaritana
1433 3953 1641 4045 dialectus,
1669 3972 1869 4050 quactum

107 4055 227 4127 mixta
246 4068 305 4122 est
329 4077 377 4122 ex
394 4059 568 4126 Hebraea
585 4074 624 4128 et
644 4058 860 4155 Chaldaea,
887 4076 972 4132 tum
990 4064 1081 4133 alias
1100 4088 1215 4139 voces
1234 4070 1457 4167 formasque
1480 4075 1654 4144 continet
1674 4076 1868 4148 Cuthaeae

108 4172 227 4268 vulgo
262 4169 493 4241 nominatas.
553 4174 752 4275 Originem
788 4176 923 4251 debuit
954 4182 1201 4256 Samaritanis
1226 4186 1266 4257 h.
1296 4212 1329 4259 e.
1368 4191 1667 4285 Babyloniorum
1704 4192 1869 4283 colonis,

108 4312 195 4361 cum
216 4287 426 4357 humiliore
443 4282 777 4379 Ephraemitarum
796 4295 912 4387 plebe
929 4298 1036 4368 exilii
1053 4302 1289 4394 temporein
1303 4304 1520 4379 Palaestina
1538 4309 1671 4378 relicte
1688 4311 1731 4378 in
1746 4332 1869 4379 unum

106 4405 297 4500 populum
341 4404 581 4493 coniunctis,
622 4412 746 4497 'atque
784 4411 831 4481 de
868 4412 1083 4485 multorum
1120 4416 1315 4497 sententia
1347 4421 1533 4495 Chaldaei
1568 4424 1757 4494 sermonis
1787 4422 1870 4494 fitia

32 4594 39 4605 ,
106 4521 247 4592 melius
299 4533 451 4611 tamen,
503 4522 731 4614 praesertim
782 4514 890 4599 cum'
917 4547 1072 4625 praeter
1127 4537 1330 4631 proprium
1373 4537 1568 4612 scribendi
1609 4539 1871 4611 characterem

107 4637 225 4708 etiarn
265 4637 368 4709 varia
411 4652 543 4709 utatur
587 4636 878 4738 singularitate,
926 4645 1046 4722 haim
1099 4670 1213 4725 teror
1254 4658 1408 4730 uterina
1450 4673 1621 4753 putatur.
1653 4692 1657 4697 ·
1704 4656 1868 4756 Egestas
