4530 5544
305 378 335 460 s.
354 391 385 456 5.
431 379 582 458 Syriaca
604 375 724 454 lingua
746 371 931 435 recentiori
953 382 1068 433 aetate
1086 365 1327 449 grammaticis
1347 377 1381 429 et
1403 360 1640 429 lexicisculte.
1810 362 1859 443 55

594 563 1372 717 ⁸l1.Leocicograplri.}

194 768 233 855 5)
254 765 436 857 Sequitur
451 788 559 838 nunc
576 768 790 839 lexicorum
813 764 1020 835 recentiori
1041 774 1167 834 aetate
1186 762 1377 857 editorum
1401 781 1486 828 curn
1512 753 1753 826 enumeratio
1771 768 1856 823 turn

89 902 262 948 censura.
315 880 367 949 Ac
393 882 563 972 primum
593 884 748 975 quidam
768 907 855 952 curn
876 903 1015 959 vocum
1038 881 1277 970 syriacorum
1297 862 1538 973 significatus
1556 896 1635 941 non
1655 893 1756 955 uno,
1784 868 1853 939 sed

88 996 193 1065 vario
221 994 336 1063 modo
370 1017 487 1086 queat
518 998 763 1095 investigari,
793 1019 998 1089 quemnam
1026 976 1291 1091 lexicographi
1321 995 1399 1063 sint
1425 989 1573 1076 secuti,
1600 986 1731 1082 paucis
1760 985 1853 1053 deli·

64 1109 250 1199 alamus.
303 1111 489 1182 Poterant
514 1115 617 1191 anim
644 1128 711 1183 aut
727 1115 848 1182 lexica
866 1136 886 1181 a
905 1113 1006 1202 Syris
1030 1110 1124 1202 ipsis
1144 1112 1285 1202 scripta
1303 1109 1532 1194 consulere,
1559 1119 1627 1175 aut
1644 1103 1770 1172 solum
1793 1100 1851 1201 lo·
1968 1164 1973 1176 ‚

10 1234 14 1241 '
85 1224 230 1314 quendi
257 1246 392 1311 usum,
419 1248 533 1316 quern
558 1244 762 1298 contextus
791 1227 1034 1322 singulorum
1062 1228 1258 1303 locorum,
1284 1227 1325 1295 in
1354 1225 1494 1316 quibua
1512 1221 1601 1291 libri
1620 1217 1765 1310 Syriaci
1783 1239 1851 1285 vo·
1928 1270 1937 1283 .

85 1358 168 1407 cern
202 1355 271 1407 aut
295 1340 454 1431 phrasin
483 1344 690 1430 exhibent,
718 1348 934 1433 eorumque
963 1342 1117 1409 collatio
1147 1344 1323 1409 accurati
1343 1339 1538 1432 produnt,
1564 1336 1849 1426 respicereaut

85 1469 265 1548 cognatas
299 1454 485 1525 dialectos
522 1459 563 1526 in
603 1458 789 1528 auxilium
825 1478 962 1526 vocare
995 1472 1062 1522 aut
1097 1455 1263 1547 denique
1299 1438 1439 1548 plures'
1467 1455 1537 1522 vel·
1567 1472 1699 1521 ornnes
1729 1448 1845 1515 hasce

84 1568 377 1665 significationis
405 1573 598 1641 eruendae
623 1572 702 1641 vias
729 1572 893 1671 ingredi.
949 1570 1046 1638 Cum
1071 1592 1162 1640 vero
1180 1564 1332 1662 Syria'ca
1354 1572 1400 1643 N.
1417 1572 1463 1642 T.
1480 1570 1604 1638 versio
1629 1567 1847 1633 litterarum

80 1685 321 1776 Syriacarum
351 1685 508 1779 adytum
535 1687 773 1780 aperuisset,
806 1685 922 1781 primi
946 1699 987 1753 et
1011 1685 1170 1776 plurimi
1194 1685 1460 1781 lexicographi
1492 1708 1574 1754 eam
1601 1684 1775 1778 legentes
1806 1693 1845 1745 et

81 1822 170 1868 curn
187 1798 336 1871 Graeco
362 1803 604 1891 conferentes
632 1817 742 1871 textu
768 1788 1008 1896 singularum
1039 1823 1179 1868 vocum
1207 1814 1246 1866 et
1260 1788 1469 1890 ‘phrasium
1487 1812 1718 1894 potestatem
1738 1808 1845 1862 nota·

77 1931 194 2001 runt,
228 1940 367 2009 nempe
397 1921 563 2006 Masius,
590 1918 839 1999 Boderionus,
868 1914 1119 2002 Schiudlerus,
1150 1915 1350 2003 Crinesius,
1377 1912 1620 2020 Buaetorfsus,
1660 1915 1842 2005 Trostius‚

76 2034 346 2129 Hortingerus,
375 2032 585 2120 Gutbirr'us,
612 2034 781 2118 Nicolui,
811 2024 1004 2129 &haustus
1033 2031 1169 2100 cetaria
1195 2030 1269 2101 hoc
1295 2032 1335 2100 in
1361 2055 1402 2101 re
1420 2034 1543 2104 multo
1567 2027 1841 2125 praeferendus

77 2161 119 2215 at
139 2149 326 2220 Zonolini.
367 2151 440 2223 Alii
461 2172 566 2240 vero,
587 2149 753 2225 Thomas
770 2174 794 2219 u
809 2149 981 2221 Novaria
998 2154 1045 2239 ²),
1063 2150 1257 2221 Ferrarius
1274 2163 1312 2217 et
1330 2149 1538 2251 praecipue
1555 2147 1732 2223 castellus
1750 2142 1846 2237 scri-l

77 2278 144 2354 pta
164 2265 348 2355 Syrorum
374 2265 548 2356 ipsorum
575 2266 721 2336 hancce
746 2265 985 2358 philologiae
1011 2280 1160 2356 partem
1183 2264 1429 2356 respicientia
1447 2264 1551 2335 haud
1573 2265 1840 2361 neglexerunt,

76 2400 169 2447 nam
197 2378 308 2448 hicce
325 2380 445 2450 lanice
462 2381 619 2474 quidem
638 2385 684 2452 N.
703 2384 750 2452 Τ.
769 2381 845 2449 iam
863 2379 965 2470 typis
981 2379 1170 2471 impressa
1186 2380 1432 2468 consultavit,
1459 2376 1659 2451 sedetiam
1675 2379 1842 2449 Barbali-

83 2493 210 2595 lulum
238 2517 309 2563 suo
338 2495 421 2564 fere
447 2495 556 2586 operi
573 2496 720 2564 iniecit.
773 2497 976 2563 Praeterea
995 2493 1042 2561 ad
1064 2508 1222 2584 tyrones
1240 2493 1476 2564 adiuvandas
1496 2512 1566 2565 aut
1582 2494 1839 2589 grammaticis

78 2624 147 2676 aut
165 2609 476 2693 chrestomathiis
493 2611 678 2710 glossario
696 2609 1188 2697 adiunxerant·8ennertus,
1218 2606 1497 2711 Grofuuderus,
1528 2610 1727 2695 cellerius,¹
1755 2615 1840 2681 Kir-

75 2724 217 2813 ultius,
247 2730 292 2801 0.
313 2728 358 2800 G.
382 2725 550 2825 Tycluen
569 2743 607 2797 et
630 2730 786 2801 Grimm.
839 2720 1011 2794 Lexicon
1038 2724 1159 2821 igitur
1170 2724 1373 2820 ‚Syriacum
1401 2728 1468 2821 qui
1495 2750 1600 2799 nunc
1622 2724 1838 2796 ornandum

74 2843 293 2936 suscipiunt
321 2843 413 2912 alias
443 2836 602 2935 quidem
617 2843 875 2941 ,significatur
897 2838 1059 2909 eruendi
1082 2842 1160 2911 vias
1188 2840 1335 2913 habent
1351 2822 1527 2936 paratas,
1554 2842 1646 2915 aliar
1663 2859 1794 2913 tamen
1816 2866 1838 2911 a

72 2959 231 3029 nomine
247 2974 377 3049 usque
397 2974 539 3042 tectore
564 2959 642 3029 nisi
661 2982 752 3029 varo
773 2955 1067 3031 connectimur
1087 2958 1380 3053 ingrediuntur.
1405 2961 1622 3052 perlectum
1640 2948 1839 3033 omuibus·

70 3070 147 3166 qne
169 3073 340 3143 numeris
360 3073 583 3142 absolutum
610 3073 766 3143 elficere
790 3067 1055 3162 nequeuntb).
1107 3078 1205 3147 Nam
1227 3092 1319 3143 raro
1340 3075 1530 3167 loquendi
1548 3098 1623 3143 neu
1642 3100 1690 3145 ex
1709 3078 1837 3162 Syris·

16 3252 23 3269 ,
70 3189 124 3258 cis
149 3187 258 3255 libris
275 3202 386 3257 eruto
405 3188 563 3278 antiqua
584 3188 768 3279 Syrorum
786 3185 907 3253 lexico
927 3188 1291 3277 sunt-conterenda,
1323 3210 1421 3281 quae
1442 3208 1675 3283 quamquem
1692 3210 1835 3277 cocum

69 3303 223 3399 copiam
261 3326 338 3374 non
375 3302 613 3394 permultum
647 3304 863 3397 augebunt,
907 3299 996 3389 quia
1034 3303 1077 3368 in
1106 3304 1263 3372 Graecis
1292 3306 1502 3397 praecipue
1530 3303 1692 3371 vocibus
1720 3303 1833 3371 nimis

65 3418 205 3517 longa,
229 3419 517 3512 Syriacaparce
538 3416 730 3513 explicare
751 3415 899 3502 solent,
927 3430 1056 3483 tamen
1076 3416 1233 3514 linguae
1255 3420 1469 3515 cognitioni
1487 3418 1628 3487 mirum
1648 3436 1834 3511 quantum

66 3534 217 3607 dabunt
244 3530 525 3622 emendationis
544 3536 589 3623 cl.
641 3536 779 3627 ltaque
798 3530 1051 3619 Bernsterrius,
1079 3534 1145 3626 qui
1169 3532 1313 3626 pariter
1342 3558 1387 3607 ac
1414 3533 1665 3649 puotrerne'r'e'
1681 3536 1833 3629 lexicon

72 3650 254 3740 promisit
270 3652 482 3742 Syriacum,
510 3649 731 3721 recte'haec
750 3650 790 3719 in
813 3673 859 3717 eo
881 3646 1148 3720 concinnando
1169 3650 1292 3721 voluit
1312 3654 1517 3745 respicere.

42 3870 66 3887 s
153 3812 315 3892 Syrorum
339 3808 523 3894 peculium,
549 3808 592 3876 'lu
622 3835 648 3876 e.
671 3816 837 3879 vocabula
859 3815 952 3893 apud
974 3800 1284 3894 Syros'scrr'ptore'r
1302 3814 1429 3897 pa's'sz'm
1451 3814 1833 3900 usurpasasnrgumt-

64 3914 125 3973 stis
160 3931 236 3972 vero
267 3928 323 3972 aut
352 3932 482 3992 prorsus
511 3912 705 3991 incognita,
736 3927 793 3974 aut
821 3916 860 3973 in
887 3914 1037 3992 ipsorum
1072 3912 1289 3974 vocabulariis
1319 3917 1426 3978 adhuc
1455 3938 1523 3979 non
1552 3922 1629 3979 satis
1659 3921 1830 3998 explicata·

61 4013 225 4073 Andreas
267 4010 400 4071 Masius
440 4011 504 4073 sibi
540 4030 619 4072 suae
650 4009 834 4075 memoriae
860 4009 1022 4072 iuvandae
1053 4030 1165 4073 caussa
1194 4014 1379 4095 colligebat.
1431 4018 1599 4097 Antwerp.
1628 4035 1667 4077 ex
1697 4016 1832 4079 officina

66 4109 192 4171 Chrirt.
223 4110 329 4171 Plant.
355 4124 445 4187 ¹5²¹·
477 4125 518 4184 54
536 4128 628 4191 pagg.
654 4110 709 4172 iol.
754 4112 881 4171 Inserta
903 4120 952 4169 est
974 4107 1096 4170 haecce
1117 4113 1223 4193 prima
1248 4134 1367 4176 vocum
1391 4116 1548 4196 Syrorum
1570 4114 1722 4181 collectio
1743 4114 1829 4177 Bibl.

60 4206 193 4291 Polygl.
226 4210 395 4293 Antwerp.
424 4206 465 4271 T.
487 4206 545 4268 Vl.
595 4208 670 4271 Pro'
687 4209 855 4292 paucitate
874 4206 1040 4271 librorum
1063 4210 1292 4292 syriacorum,
1314 4226 1397 4297 qnos
1418 4215 1528 4279 ussto
1549 4206 1661 4279 vidire
1680 4218 1829 4299 contige·

136 4454 164 4516 ι)
184 4452 228 4506 De
245 4454 307 4506 sius
325 4424 520 4508 nomenclatore
541 4452 653 4521 Sflr'are
670 4455 727 4507 rid·
744 4470 773 4523 p·
790 4470 835 4522 33.
986 4460 1020 4511 in
1047 4456 1130 4512 tren.
1159 4460 1215 4511 and
1241 4458 1340 4518 ctare.
1358 4464 1631 4523 Huiuonurtueh.
1649 4469 1696 4524 ed.
1713 4485 1738 4521 s.
1757 4483 1825 4539 pag.

134 4535 167 4599 b)
184 4535 245 4589 Vid-
265 4552 341 4608 quae
363 4540 493 4593 &sranius
516 4537 597 4595 huns
623 4538 656 4592 in
681 4536 771 4593 linem
787 4538 903 4593 monuit
986 4539 1083 4595 mli
1101 4554 1142 4609 sq.

1057 4624 1087 4685 ο)
1110 4622 1242 4697 &tornius
1260 4624 1281 4685 l.
1299 4627 1320 4684 1.
1337 4645 1366 4698 p·
1384 4630 1471 4686 mv
1487 4647 1528 4701 sq.
