4476 5536
759 392 1258 551 Pnaararro.
1370 434 1380 445 *
1547 387 1614 395 “’
1708 416 1901 506 'yn

33 618 37 625 '
131 601 212 677 diis
250 616 388 675 autern
422 594 591 670 valde
579 595 750 676 mimica
789 594 969 670 stimulis
1013 597 1103 670 suis
1145 620 1231 670 non
1274 596 1325 671 ad
1367 596 1576 695 laborem
1595 599 1893 706 propellebant,

63 704 203 804 sed
244 727 343 801 adeo
378 727 568 822 ipsorum
606 719 810 841 impulsui
842 722 1113 804 reluctantem
1152 722 1202 795 ab
1230 731 1280 797 eo
1308 725 1532 798 avocabant
1561 738 1601 824 et
1626 723 1893 816 deterrebant
1926 739 1928 742 ‘

75 830 80 860 ⁸
130 855 324 950 Denique
360 851 413 926 ub
449 836 623 950 longum
661 863 846 948 tempus,
891 874 975 950 quo
1001 844 1109 926 liber
1136 822 1440 950 imprimendus
1468 864 1564 939 erat,
1593 877 1678 958 nou
1706 853 1893 951 contigit,

127 988 363 1081 quenquam
390 981 612 1080 praecipue
638 977 685 1050 in
712 976 906 1075 operibus
934 1000 982 1051 ex
1009 981 1088 1052 hoc
1114 1001 1263 1078 genere
1289 976 1517 1077 optandum
1545 994 1626 1064 est,
1667 993 1801 1052 totum
1819 977 1897 1051 ab·

126 1091 235 1184 solvi
250 1133 348 1182 uno
374 1106 601 1203 eodemque
626 1103 852 1204 typotheta.
908 1107 1135 1206 Quaeres,
1181 1104 1324 1201 quanti
1359 1105 1413 1179 sit
1448 1106 1672 1193 momenti,
1720 1106 1896 1202 quicnna

123 1256 207 1332 que
242 1238 391 1309 harum
424 1235 656 1308 litterarum
690 1255 839 1330 gnarus
875 1245 954 1320 est,
988 1247 1147 1332 'sponte
1178 1231 1393 1330 intelliget.
1446 1211 1655 1330 ‘Namque
1688 1232 1762 1330 qui
1785 1207 1895 1305 'huic

124 1363 223 1435 'artis
249 1361 569 1464 typographicae
595 1361 703 1458 parti
729 1356 972 1432 felicissimo
1000 1378 1195 1432 successu
1228 1368 1395 1454 operam
1429 1373 1601 1446 navent,
1646 1358 1805 1456 ubique
1830 1381 1895 1432 re·

19 1558 21 1563 .
125 1490 348 1606 perimatur
371 1486 639 1587 paucissimi,
676 1483 886 1580 iidemque
911 1484 1189 1557 institutionis
1215 1482 1463 1602 plerumque
1483 1485 1715 1584 indigentes
1734 1508 1893 1572 eorum,

125 1613 200 1727 qui
240 1614 302 1687 rei
340 1611 594 1713 populorum
636 1609 904 1687 orientalium
940 1609 1162 1684 litterariae
1203 1589 1383 1686 fautores
1427 1623 1468 1685 et
1499 1625 1814 1712 propagatores
1808 1626 1893 1684 aut

43 1790 45 1796 -
103 1738 284 1819 ,codices
313 1741 544 1815 orientales
557 1752 629 1814 aut
654 1738 784 1813 libros
812 1735 862 1810 de
889 1736 1041 1836 linguis
1069 1740 1189 1814 Asiae
1215 1737 1335 1812 edere
1362 1736 1515 1812 audent
1540 1721 1581 1812 et
1599 1739 1799 1838 cupiunt,
1836 1738 1894 1810 ita

123 1881 171 1940 ut
197 1866 415 1965 typotheta
436 1864 645 1942 officinam
673 1859 791 1940 suani
818 1888 913 1943 cum
932 1865 1011 1938 alia
1029 1869 1305 1940 commutante
1323 1866 1504 1940 instituti
1520 1866 1624 1940 ratio
1651 1844 1773 1938 facile
1794 1887 1891 1941 con·

125 1972 324 2066 fundatur
351 2016 569 2099 novusque
598 1982 817 2101 lingendus
846 2007 885 2064 et
909 1991 1190 2072 instituendus
1219 1992 1274 2067 sit
1300 1993 1390 2072 eius
1414 1991 1568 2068 laboris
1591 1991 1763 2067 molitor
1787 2006 1894 2080 rtou7

124 2118 212 2192 nisi
238 2116 491 2216 pedetentim
528 2120 705 2192 auctoris
742 2118 948 2192 voluntati
985 2133 1025 2192 et
1060 2119 1216 2194 rationi
1249 2115 1521 2194 assuefaciens
1555 2140 1641 2194 sese
1674 2133 1797 2214 atque
1830 2112 1894 2188 ac·

125 2225 403 2320 commodans.
458 2246 533 2321 His
560 2247 689 2345 igitur
714 2245 838 2320 rebus
865 2268 1128 2346 progressum
1155 2272 1240 2322 non
1267 2248 1393 2320 semel
1421 2237 1789 2345 intercipientibus·
1809 2266 1892 2340 quo

122 2373 262 2448 animo
307 2372 359 2448 ad
392 2369 606 2448 difficilem
636 2372 820 2448 laborem
855 2397 1034 2473 eumque
1067 2370 1319 2449 difficultatis
1363 2372 1648 2475 magnitudine
1678 2387 1727 2447 ,et
1758 2371 1891 2446 varie·

122 2513 203 2573 tate
228 2512 324 2575 ιιοιι
357 2523 450 2575 raro
487 2523 628 2575 omnes
664 2500 774 2576 vires
809 2477 1100 2600 profligantem
1136 2517 1205 2575 me
1238 2502 1509 2595 accinxerim,
1556 2496 1680 2573 facile
1716 2499 1892 2598 quisque
1988 2479 1993 2488 ⁴

28 2636 55 2708 j
123 2624 249 2700 videt
318 2627 488 2700 Lenivit
522 2628 681 2700 interea
711 2649 845 2700 meam
885 2628 1115 2716 tristitiam,
1153 2653 1198 2701 ac
1232 2643 1413 2703 mentem
1449 2625 1614 2705 fortiter
1654 2627 1782 2701 erexit
1824 2650 1893 2702 ve·

122 2717 338 2858 tissimum
372 2751 483 2826 illud
519 2753 733 2827 Οοιιιιίειιιί
768 2755 946 2852 Augusti
980 2753 1140 2829 dictum
1176 2779 1197 2828 a
1236 2757 1434 2831 Suetonio
1467 2753 1567 2848 (Vir
1613 2755 1713 2852 Aug.
1750 2776 1782 2827 c.
1811 2750 1891 2846 95)
2013 2828 2020 2839 ,

121 2881 318 2967 relatum,
356 2892 424 2956 sat
450 2876 633 2954 celeriter
648 2875 771 2983 steri,
808 2877 1009 2980 quidquid
1024 2879 1114 2989 fiat
1139 2856 1242 2956 satis
1267 2881 1376 2956 bene.
1430 2887 1571 2978 Itaque
1588 2879 1699 2955 libro
1723 2880 1893 2954 tandem

120 3004 335 3097 absoluto,
386 3003 580 3081 nihill
542 3005 656 3080 aliud
698 3020 841 3095 restat,
890 3009 975 3081 nisi
1011 3024 1198 3107 optatum
1233 3023 1272 3083 et
1305 3032 1420 3107 spes,
1474 3009 1556 3095 iis,
1606 3029 1785 3107 quorum
1828 3022 1896 3083 est.
1959 3106 1964 3115 .

121 3132 173 3210 de
199 3122 247 3208 eo
283 3157 380 3206 vere
407 3148 448 3208 et
475 3147 583 3207 recte
609 3132 814 3222 iudicare,
849 3136 984 3207 'meam
1010 3135 1256 3210 industriam
1284 3133 1617 3209 commendatum
1644 3134 1721 3223 iri,
1762 3135 1907 3208 itaut·

122 3261 345 3336 silentum
373 3258 542 3354 quidem
565 3283 631 3333 me
656 3261 895 3334 invenerint
921 3262 1185 3360 scriptorem,
1224 3277 1332 3338 certe
1366 3285 1451 3364 non
1487 3255 1641 3336 frustra
1679 3284 1747 3336 me
1779 3260 1891 3334 labo·

119 3384 228 3465 rasse
252 3382 539 3485 profiteantur.
568 3407 573 3417 ·
1665 3396 1672 3405 “

108 3557 114 3563 --
191 3515 336 3617 ,Quae
361 3536 463 3586 vero
489 3509 573 3586 huc
599 3510 734 3609 usque
760 3526 920 3585 narrata
953 3526 1072 3602 sunt,
1115 3536 1201 3588 non
1236 3515 1372 3589 solum
1407 3514 1519 3615 apud
1553 3538 1622 3592 eos
1655 3515 1765 3590 mihi
1799 3511 1890 3590 fore

124 3641 406 3726 excusationi,
459 3639 533 3738 qui
564 3640 851 3738 grammaticae
886 3661 1000 3714 meae
1038 3638 1267 3715 editionem
1310 3644 1437 3717 nimis
1478 3641 1635 3720 tardam
1677 3668 1764 3718 non
1800 3645 1889 3718 siue
2011 3624 2014 3632 ⁵

121 3771 209 3844 ulla
248 3769 339 3843 veri
373 3766 508 3867 specie
542 3766 890 3856 existimaverint,
939 3765 1011 3842 sed
1050 3768 1173 3842 etiam
1199 3793 1269 3843 eos
1304 3759 1488 3847 niitiores
1523 3796 1644 3873 spero
1677 3770 1890 3847 redditura

123 3871 304 3981 iudices,
344 3895 380 3967 si
408 3895 482 3989 qui
508 3890 617 3966 forte
643 3892 711 3967 hic
738 3894 827 3968 illie
855 3896 1035 3993 aliquam
1063 3895 1472 3985 dissimilitudinem,
1519 3898 1632 4001 quod
1657 3910 1795 3983 tamen
1817 3882 1890 3973 vir

24 3995 30 4011 ¹
121 4022 264 4106 timeo,
299 4015 617 4116 deprehendisse
636 4017 717 4094 sibi
738 4017 968 4096 videantur.
1023 4025 1232 4126 Quantum
1249 4024 1364 4098 enim
1388 4048 1514 4123 penes
1533 4008 1600 4099 me
1617 4041 1725 4116 erat,
1754 4027 1889 4102 omni·

119 4146 199 4223 bue
226 4168 322 4221 sane
342 4148 478 4244 operis
501 4147 688 4246 partibus
715 4148 960 4247 aequitatem
985 4151 1255 4225 necessariam
1284 4175 1379 4226 cum
1409 4154 1455 4227 in
1474 4176 1612 4228 rerum
1628 4156 1887 4254 expositione

120 4288 211 4351 tum
238 4275 284 4347 in
311 4272 470 4348 ratione
497 4269 662 4350 dicendi
688 4272 783 4352 dare
811 4291 852 4350 et
877 4299 1119 4351 conservare
1146 4299 1238 4352 sum
1277 4282 1471 4371 annixus;
1510 4282 1668 4380 itaque,
1715 4282 1751 4355 si
1778 4284 1884 4356 hanc
1995 4370 1998 4375 ¹

119 4398 272 4500 legem,
307 4424 428 4497 quam
448 4397 555 4474 mihi
573 4403 837 4500 scripseram,
873 4402 1030 4478 alicubi
1048 4428 1190 4479 revera
1207 4408 1520 4496 transiliverim,
1548 4423 1656 4483 certe
1674 4409 1885 4508 negligen-

23 4548 29 4563 ·
111 4527 219 4623 ‘tiam
246 4525 482 4627 quampiam
509 4542 579 4603 aut
604 4526 835 4604 socordiam
850 4554 937 4608 non
953 4533 1000 4652 iu
1015 4555 1154 4607 caussa
1170 4534 1481 4618 esseexietimet
1494 4533 1724 4613 benevolus
1744 4537 1881 4612 lector.
