4530 5544
122 426 125 431 ’
240 412 291 523 32
709 492 712 497 ,
803 462 821 526 '.
959 384 1288 510 Prolegomaaa.

241 606 340 707 nasis
371 601 422 685 in.
444 595 725 694 perspiciendis
759 598 975 671 accuratius
1012 600 1244 694 firmiusque
1280 598 1519 671 stabiliendis
1546 599 1826 698 grammatices
1858 594 2010 698 regulis
2106 600 2108 609 '

244 710 327 801 aral
351 716 594 806 sollicitudo,
632 713 769 795 ,eadam
790 710 838 785 et'
860 716 934 788 hos
958 717 1088 809 ipsos,
1124 733 1164 788 et
1195 718 1291 787 alios
1317 717 1363 786 ad
1386 719 1707 815 uerborum-non
1734 717 1866 795 minue
1891 734 2011 810 quarn

141 910 155 934 t
241 838 446 913 nominum
464 834 661 927 propriam
677 844 718 916 et
734 832 952 924 primariam
972 836 1048 903 vim
1065 833 1321 930 indagandam
1339 833 1520 904 solertius
1541 833 1735 925 simulque
1751 832 1880 922 adea,
1896 852 2015 924 quae

243 959 284 1029 in
300 954 409 1026 libris
425 952 587 1051 sparsim
609 950 858 1039 invenerant,
886 951 924 1019 in
945 973 1067 1021 unum
1090 952 1201 1042 quasi
1219 949 1445 1019 thesaurum
1466 948 1683 1045 colligenda
1701 947 1858 1043 impulit
1924 951 2012 1020 Ori·

243 1066 492 1171 ginemjnde
514 1088 624 1145 auam
650 1065 863 1147 lerinailla,
889 1082 1093 1161 repetunt,
1128 1072 1226 1160 quae
1250 1080 1383 1142 tamen
1404 1065 1590 1159 pleraque
1610 1067 1650 1137 in
1672 1064 2012 1147 vocabularior'dra

244 1207 451 1258 numerum
471 1197 562 1251 sunt
579 1181 801 1270 referenda,
828 1199 867 1253 et
884 1185 1026 1276 partim
1044 1182 1181 1256 ordine
1197 1179 1443 1275 alphabetico
1464 1197 1649 1272 utuntur,
1675 1182 1936 1287 partiamus
1950 1200 2013 1255 aa».

246 1304 416 1375 cundum
433 1298 633 1370 materiem
652 1297 849 1426 disposita
857 1315 960 1369 sunt.

318 1469 510 1559 Honainus
543 1462 691 1523 medicus
725 1465 771 1540 (o.
782 1480 825 1541 4,
847 1468 892 1543 9.)
929 1466 1061 1547 scripsit
1092 1465 1225 1526 lexicon
1257 1443 1551 1548 compendiosum,
1591 1462 1631 1523 de
1661 1481 1726 1545 quo
1745 1454 1817 1526 Iso
1852 1462 1942 1524 Bar·
1953 1464 2011 1524 ΑΗ

415 1569 452 1627 in
475 1562 682 1645 praefatione
704 1563 806 1623 lexici
827 1563 931 1645 Syro·
941 1565 1076 1655 Arabici
1098 1564 1297 1645 loquitur¹).

333 1694 438 1756 Iosrso
460 1686 669 1759 Mamercus
690 1654 848 1769 (latomo)
879 1689 964 1750 liar·
974 1691 1025 1753 Ali
1058 1703 1209 1771 tempore
1239 1690 1331 1769 prior
1360 1690 1441 1764 suit,
1477 1704 1513 1751 et
1541 1691 1577 1752 in
1607 1690 1827 1827 praelatione
1832 1689 1956 1751 larici
1962 1690 2013 1752 ab

402 1791 484 1853 hoc
507 1787 638 1853 collecti
655 1804 947 1853 commemoratur
955 1791 996 1869 Ω).
1471 1826 1474 1831 ,
1693 1814 1695 1819 ¹

335 1890 480 1965 Gabriel
498 1890 664 1967 medicus,
691 1893 870 1957 Bochtiesu
878 1890 1000 1971 filios
1024 1909 1147 1972 genere
1167 1869 1330 1967 Elamita,
1344 1892 1493 1961 'Aaronis
1511 1890 1669 1959 haschidi
1691 1890 1844 1955 Chalifae
1865 1907 2016 1974 tempore

417 1993 542 2062 floruit,
563 2008 634 2050 non
656 1993 850 2054 medicinae
863 2004 1004 2064 tantum,
1026 1990 1082 2052 sed
1104 1993 1207 2052 etiarn
1230 1992 1420 2072 linguarum
1444 1991 1608 2070 Syriacae,
1630 1992 1785 2055 Persicae
1801 2007 1851 2057 et.
1857 1994 2016 2059 Arabicae

417 2094 721 2176 perituaascripsit
743 2092 852 2165 idem,
881 2095 933 2159 ari
955 2092 1101 2172 aequalis
1122 2112 1201 2152 suus
1226 2091 1422 2163 Horrar'nus,
1451 2091 1583 2153 lexicon
1606 2094 1836 2173 Syriacum3).
1901 2144 1904 2153 .

333 2197 396 2260 ilis
425 2213 503 2255 vero
531 2213 617 2273 quae
639 2194 738 2253 modo
762 2194 1097 2254 commemoravimus
1119 2194 1226 2254 multo
1251 2194 1389 2253 maioris
1412 2193 1574 2252 momenti
1596 2205 1644 2252 est
1667 2193 1768 2267 illud,
1797 2196 2015 2277 quod-Issus

420 2293 487 2354 sive
510 2294 571 2365 Iso
594 2292 1009 2368 Bar-Aii⁴)„medicus,
1038 2293 1252 2372 Houaiuique
1277 2292 1516 2373 discipulus5),
1546 2295 1731 2372 composuit
1752 2292 1896 2360 lexicon.
1937 2298 2016 2359 Ela-
2070 2354 2075 2365 ,

420 2393 490 2452 ruit
521 2396 571 2455 vir
600 2395 658 2454 ille
683 2392 918 2455 celeberrimus
947 2412 1034 2455 anno
1066 2393 1200 2455 circiter
1222 2402 1285 2470 885
1300 2391 1350 2468 ⁶),
1390 2405 1423 2452 et
1450 2378 1585 2453 lexicon
1616 2395 1689 2454 eius
1722 2394 2016 2476 Syro-Arabicam

420 2481 539 2553 ordiu‘e
560 2493 770 2575 alphabetico
792 2494 1027 2573 compositum,
1051 2495 1138 2574 quod
1162 2493 1351 2555 Abrahamo
1374 2492 1509 2555 cuidam
1530 2493 1703 2569 dedicarit,
1717 2497 1764 2559 'in
1786 2495 1873 2559 3111.-
1888 2496 2018 2560 Vatica-

419 2610 485 2656 nee
508 2592 623 2657 Cadio.
639 2592 786 2683 hasbell.
799 2592 936 2667 XXVII,
947 2594 996 2672 „in
1013 2594 1165 2656 Medicas
1187 2606 1323 2667 secrete,
1350 2592 1564 2657 Dublinienei
1591 2589 1864 2674 insslliberraie²lr¹
1879 2610 1914 2661 et
1927 2598 2017 2679 Lng⁴

423 2693 509 2755 duni
524 2689 909 2771 Batavor‘um'exsta10);
934 2694 1071 2773 eiusque
1093 2695 1131 2754 in
1154 2693 1324 2755 Bodleian.
1349 2694 1392 2754 IV
1409 2692 1438 2769 ⁹)
1462 2708 1494 2752 et
1517 2694 1650 2757 Parisiis
1665 2697 1697 2757 11
1718 2698 1859 2759 Codices
1880 2698 2016 2778 [Syriae.

423 2802 638 2882 ago-291.)
660 2809 840 2857 servantur.
883 2792 1103 2855 Praelationis
1135 2795 1282 2855 eiusdem
1304 2796 1476 2873 specimen
1500 2793 1652 2873 syriace,
1681 2800 1819 2860 Arabiae
1844 2814 1875 2859 et
1897 2799 2017 2859 Latine

325 2914 332 2959 ·.
420 2902 559 2971 exhibet
580 2896 804 2974 Hertingerrss
823 2894 886 2970 ιο),
909 2893 965 2956 sed
989 2892 1109 2973 menda
1131 2895 1237 2955 multa
1263 2909 1329 2954 tam
1352 2894 1389 2953 in
1412 2906 1523 2963 textu,
1545 2916 1645 2975 quam
1668 2898 1705 2959 in
1729 2898 1882 2958 versione
1902 2897 2019 2979 depre-

375 2986 386 3043 Ϊ
422 3001 625 3065 handuntur.
670 2995 842 3076 Maruzaai
864 3010 897 3059 et
918 2994 1070 3083 Honaiui
1090 2994 1209 3056 lexicis
1228 2992 1395 3068 Bar-Ali,
1432 2995 1577 3075 quodvis
1600 2996 1805 3079 praefatione
1825 2999 1897 3079 ipse
1918 2998 2020 3076 proli·

322 3240 349 3302 1)
369 3235 430 3289 cfr.
451 3234 637 3303 Hatringernm
655 3232 687 3283 in
702 3222 781 3288 Bibl.
801 3230 913 3284 Orient.
932 3249 959 3300 p.
981 3245 1040 3301 197.

323 3324 352 3385 1)
371 3318 434 3374 Cii'.
453 3317 607 3387 Hostingers'
622 3314 699 3369 nihl
716 3314 832 3369 Oriens.
848 3332 878 3385 p.
896 3330 957 3385 197.

320 3412 350 3475 5)
372 3406 508 3459 &semera
535 3399 612 3454 Bibl.
631 3400 747 3455 Orient.
765 3401 800 3458 Τ.
820 3401 872 3453 IIl.
892 3401 926 3452 Ρ.
944 3400 967 3451 1.
985 3415 1014 3468 p.
1033 3403 1093 3466 ⁰58·

323 3493 353 3552 4)
371 3489 420 3540 Ita
446 3495 489 3538 est
511 3484 636 3537 Arahica
660 3486 787 3537 nominis
813 3487 914 3537 iosuae
938 3485 970 3535 in
995 3481 1095 3534 bibliis

255 3570 416 3625 usitatioris
442 3572 555 3631 forma3
582 3569 648 3620 idco
667 3577 823 3636 utrumqne
841 3568 919 3619 idem
936 3562 1094 3633 significet,

256 3661 305 3709 isa
330 3670 398 3708 sere
420 3654 454 3706 in
479 3653 535 3704 hoc
557 3652 618 3703 viro
634 3652 809 3720 appellando
828 3651 943 3720 caepim
960 3656 1094 3700 ittuntur.

324 3746 352 3810 5)
376 3740 476 3790 Assem
494 3735 570 3787 nihl.
591 3734 705 3787 Oricnt.
723 3737 750 3788 1.
767 3753 793 3803 p.
812 3734 873 3803 650.

325 3824 357 3876 6)
379 3823 479 3873 Assem.
498 3819 516 3871 l.
535 3818 555 3871 l.
574 3821 626 3871 Ill.
645 3820 677 3870 P.
697 3820 718 3869 l.
743 3836 769 3887 p.
788 3833 847 3886 257.

324 3913 353 3977 7)
376 3909 477 3960 Assem.
492 3902 568 3956 Bibl.
587 3902 701 3957 Orient.
721 3904 772 3955 lll.
792 3902 824 3953 P.
844 3902 866 3954 I.
885 3918 912 3971 p.
932 3916 991 3970 257.

326 4000 356 4047 81
375 3994 410 4043 ln
437 3989 616 4043 bibliotheca
641 4006 699 4055 reg.
723 3987 855 4056 Gotting.
873 3997 1005 4037 servatur
1024 3998 1093 4050 apo·

258 4074 403 4144 graphum
419 4074 506 4126 huius
524 4074 591 4126 Cod.
602 4074 801 4141 Lugdunens,
819 4071 889 4121 olins
907 4072 988 4121 iussu
1006 4080 1033 4118 et
1048 4084 1095 4117 an·

259 4158 357 4225 spiciis
378 4155 578 4221 Mumchlnssr'r',
595 4172 715 4208 suasore
735 4159 757 4205 1.
775 4156 808 4204 D.
825 4153 955 4204 dirrhasli
973 4153 1095 4204 iactum.

261 4243 336 4293 Satis
356 4237 511 4305 diligenter
529 4240 670 4305 scriptum
687 4252 749 4290 esse
769 4235 852 4287 nobis
870 4235 999 4297 ridetur,
1018 4232 1097 4285 haud

259 4340 329 4381 raro
353 4333 453 4374 teman
470 4328 579 4388 puncta
597 4320 751 4374 discritica
769 4331 821 4372 orit
838 4318 945 4370 omissa
961 4326 1029 4369 sunt
1046 4325 1097 4368 eut

260 4410 337 4465 male
370 4407 465 4478 posita
496 4403 605 4471 partina
636 4402 721 4475 bausl-
748 4403 837 4478 ‹luirie
868 4401 979 4453 codicis
1004 4403 1096 4470 ipsius

259 4500 339 4550 sitio.
375 4492 415 4544 Er
434 4487 504 4540 eod.
523 4486 586 4539 MS.
605 4486 796 4557 Lugdunensi
813 4487 869 4538 hoo
888 4485 1096 4556 apographum,

260 4581 339 4651 quod
362 4580 395 4631 iu
417 4575 517 4627 littera
536 4574 603 4625 Nun
628 4570 755 4649 desinit,
780 4586 844 4624 esse
866 4581 1011 4637 sumtum,
1036 4572 1097 4640 ipse

261 4666 345 4719 docet
367 4666 388 4714 1.
399 4660 443 4714 r).
464 4657 608 4711 Michaelis
634 4660 665 4709 in
682 4673 736 4710 sua
762 4657 829 4710 Lex.
855 4656 964 4724 syriae.
990 4656 1098 4710 Castel

1178 3230 1250 3282 lieni
1280 3229 1409 3281 editione
1427 3246 1455 3298 p.
1474 3244 1498 3281 a.
1535 3204 1570 3280 ln
1588 3230 1719 3284 Arabicis
1739 3232 1867 3284 Bor-Ali
1892 3233 2017 3302 explice-

1178 3313 1310 3367 tionibus
1336 3310 1428 3366 multa
1454 3321 1522 3365 sunt
1548 3313 1687 3384 ohscura5
1715 3316 1855 3370 vocabula
1876 3318 1954 3371 enim
1974 3334 2018 3369 re·
2041 3350 2045 3355 -

1179 3398 1310 3468 periurus
1334 3398 1364 3449 in
1388 3397 1489 3450 lexicis
1505 3398 1615 3452 frustra
1632 3400 1783 3468 quaesita,
1812 3411 1890 3453 certe
1909 3420 1926 3453 e
1945 3404 2020 3455 ritae

1173 3480 1346 3532 ‘communis
1366 3498 1419 3532 nsu
1438 3480 1535 3533 ducta.
1565 3482 1706 3534 Arabicae
1725 3474 1854 3552 apposita
1873 3485 2019 3555 esterpli·

1182 3563 1261 3613 catio
1280 3563 1416 3628 Syriacas:
1444 3562 1552 3616 multae
1577 3577 1674 3617 antem
1692 3565 1785 3617 lexico
1805 3568 1907 3619 desunt
1925 3587 2020 3621 voces.

1182 3647 1337 3697 Praeterea
1365 3647 1442 3697 malo
1460 3658 1502 3698 est
1518 3648 1702 3712 institutum,
1728 3647 1807 3727 quod
1826 3651 1941 3716 saepius
1960 3670 2020 3706 sroa

1180 3731 1297 3782 radices
1314 3730 1412 3798 ipsae,
1434 3729 1484 3780 sed
1502 3732 1614 3783 formae
1633 3746 1733 3783 aarum
1751 3730 1948 3801 perticipielas
1964 3739 2022 3790 sub

1166 3842 1213 3903 ,κ
1231 3850 1259 3892 et
1276 3841 1344 3903 Μ,
1374 3853 1532 3907 earumque
1549 3848 1682 3907 tempora
1699 3839 1802 3892 futura
1818 3840 1872 3893 sub
1889 3858 1924 3927 ῗι
1945 3856 1972 3898 et
1987 3852 2021 3905 Aa

1181 3951 1396 4014 proponantur,
1424 3956 1481 4008 qno
1509 3940 1573 3991 fieri
1599 3939 1687 4002 solet,
1715 3950 1747 3992 ut
1765 3942 1858 3995 multa
1876 3949 2020 4016 respicere
2058 3984 2061 3989 ,

1182 4029 1287 4080 debeas
1314 4026 1381 4077 loca
1405 4041 1504 4076 vocem
1523 4023 1672 4092 quandam
1691 4028 1885 4094 quaesiturus,
1919 4031 2021 4088 Eum.

1183 4115 1264 4181 plum
1292 4110 1487 4178 Lugdunense
1515 4109 1656 4176 scripturn
1674 4118 1723 4184 ‚est
1740 4127 1817 4163 anno
1837 4113 2020 4170 Graecorum

1184 4195 1249 4260 1865
1269 4195 1287 4243 i.
1307 4209 1331 4244 e.
1361 4207 1426 4258 ¹554
1450 4210 1476 4259 p.
1504 4190 1572 4243 Chr.
1599 4209 1629 4244 ιι.
1654 4195 1815 4249 secundum
1839 4199 2020 4269 epigraphen

1181 4276 1335 4345 Arabicam
1354 4274 1385 4325 in
1405 4275 1486 4326 calce
1497 4291 1647 4330 annexam.
1667 4302 1698 4317 -
1718 4278 1782 4333 Cis.
1796 4280 2021 4338 stiam-Michae·

1182 4356 1442 4428 lisBeurtheilung
1467 4360 1519 4413 der
1536 4360 1650 4420 Miscet,
1676 4360 1786 4415 welche
1811 4382 1881 4419 man
1906 4383 2021 4427 araneu-

1184 4445 1247 4511 det,
1272 4443 1320 4495 die
1338 4443 1418 4495 hebr.
1439 4444 1566 4512 Sprachc
1584 4461 1620 4495 eu
1637 4446 1790 4499 verstehen
1807 4469 1835 4519 p.
1856 4467 1914 4521 159.

1250 4533 1279 4599 9)
1304 4530 1354 4579 Uri
1380 4528 1513 4596 Cetaiog.
1531 4527 1672 4581 Codicum
1692 4528 1898 4587 Orientalium.
1919 4534 2021 4592 Cadio.
2077 4536 2081 4541 ’

1183 4613 1295 4682 Syriaci
1317 4627 1470 4682 119-128
1903 4652 1907 4657 -

1255 4698 1297 4761 ιο)
1314 4692 1391 4748 nial
1410 4694 1524 4748 Orieat.
1542 4694 1613 4749 inde
1631 4713 1648 4749 a
1665 4713 1734 4768 pag.
1751 4713 1811 4771 195.
