4476 5536
386 480 392 501 ‚
514 357 540 443 ἶ
763 385 1260 474 Pnarrnrro'.
1364 440 1458 508 --g
1743 463 1747 483 ,
1833 423 1969 489 11·

75 597 79 606 ’
115 662 122 669 .
172 661 174 665 ,
233 601 464 702 Quaesisse
479 589 694 668 mutataet
718 604 836 673 auctr
863 603 936 665 aut
961 589 1146 688 primum
1167 590 1516 690 propositasint,
1551 558 1736 688 nonest,
1773 598 1886 698 quod
1936 624 1939 630 ’
2065 604 2069 610 ’

118 723 317 802 ·hncloco
336 722 575 823 singulatim
592 716 793 793 indicem.
841 717 1005 792 Etenim
1029 739 1075 790 ea
1101 741 1188 791 non
1213 725 1303 791 tam
1322 743 1453 831 pauca
1478 742 1565 792 esse
1591 704 1886 826 mihi'persue·

73 934 75 939 ,
130 855 225 929 sum
238 864 324 938 est,
351 865 400 927 ut
419 851 548 923 lector
570 839 801 922 benevolus
820 856 996 940 nequeat
1010 857 1117 916 certe
1133 857 1292 942 partem
1310 870 1455 921 eorum
1471 843 1668 921 facillime
1680 851 1886 948 invenire,
1921 920 1927 927 .

131 979 352 1080 praecipue
376 978 413 1051 si
438 976 631 1061 brevem,
675 995 755 1071 qua
780 970 963 1078 plurima
998 971 1283 1068 grammaticae
1317 973 1446 1072 capita
1479 975 1707 1073 incipiunt,
1740 1004 1889 1081 narrg.
1947 1001 1967 1037 ’-

128 1106 289 1182 tionem
316 1104 425 1189 eius,
465 1099 579 1200 quod
605 1097 655 1173 ab
683 1098 775 1171 aliis
801 1096 1046 1196 praestitum
1078 1110 1160 1184 est,
1200 1121 1301 1172 cum
1333 1124 1425 1176 mes
1459 1126 1600 1186 rerum
1636 1107 1890 1203 expositione
1927 1155 1941 1182 .

128 1232 380 1332 eonipsrare.
406 1230 599 1320 voluerit.
626 1223 857 1323 [Exempla
890 1248 914 1296 e
944 1246 1013 1298 me
1047 1223 1211 1321 laudata
1245 1225 1310 1316 in,
1327 1250 1424 1300 eum
1458 1225 1668 1319 ordinem,
1692 1254 1796 1328 ,quo
1830 1236 1888 1327 le,-
1939 1292 1941 1297 .

119 1374 306 1468 guntur,
339 1361 447 1430 ἔἰιοιι
486 1353 731 1428 inconsulto
776 1346 936 1447 redegi,
996 1348 1069 1422 sed
1110 1349 1269 1446 ubique
1311 1351 1475 1426 lectoris
1510 1355 1620 1429 'usus
1653 1359 1761 1433 mihi
1797 1357 1918 1437 unte¹

116 1485 275 1561 ,oculos
302 1482 557 1574 versabatur.
604 1483 746 1576 Itaque
771 1473 1069 1572 alphabeticum
1096 1472 1286 1549 ordinem
1296 1524 1311 1562 ,-
1351 1475 1428 1551 nbi
1462 1502 1529 1554 res
1561 1481 1653 1580 ipsa
1687 1496 1774 1559 non
1799 1511 1891 1565 sua·
1943 1525 1951 1536 =

117 1610 254 1687 debut
277 1611 430 1693 ulium,
480 1601 699 1711 praecipue
723 1625 821 1700 ergo
857 1601 905 1675 in
944 1600 1214 1700 etymologia,
1252 1598 1570 1702 praeferendum
1604 1613 1769 1703 censui;
1811 1619 1891 1694 hoc
1942 1685 1944 1690 .

117 1716 247 1813 enim
266 1735 393 1810 modo
418 1733 676 1831 singularum
707 1752 861 1803 vocum
893 1728 1180 1817 inventionem
1216 1753 1341 1827 quem
1370 1732 1548 1807 maxime
1582 1733 1791 1830 adiuvari,
1842 1745 1890 1820 in

15 1902 20 1908 ,
127 1866 272 1975 'aprico
298 1878 376 1938 este
439 1861 523 1936 Ubi
553 1882 654 1932 vero
688 1855 889 1953 loquendi
929 1878 1055 1930 nsum
1097 1878 1184 1930 non
1229 1871 1340 1964 certo
1368 1872 1533 1934 tantum
1564 1874 1774 1962 tempore,
1816 1864 1926 1947 sed‘¹

113 1992 284 2091 -quovis
311 2012 412 2063 aevo
437 1986 618 2083 viguisse
646 1979 1012 2058 demonstrandum
1037 1994 1145 2067 erut,
1171 1985 1221 2055 ut
1241 1982 1289 2056 in
1307 1982 1506 2083 pluribus
1524 1984 1745 2097 Syntaxeos
1772 1994 1887 2083 locis,
1999 2007 2006 2013 '

119 2112 264 2200 reliam,
288 2115 401 2190 viam
434 2115 644 2211 ingressus
681 2110 798 2197 snm,
843 2109 1028 2209 primum
1062 2131 1117 2182 errv
1146 2109 1346 2184 versione·
1367 2112 1557 2187 Peschito
1592 2129 1642 2187 et·
1658 2105 1814 2194 Veteris
1849 2139 1890 2197 et

131 2244 248 2323 Novi
272 2240 485 2328 Foederis,
520 2235 669 2311 deinde
695 2259 744 2311 ex
770 2235 860 2310 aliis
887 2234 1093 2311 librorum
1118 2258 1326 2310 sacrorum
1344 2239 1629 2330 versionibus,
1646 2268 1704 2319 ex
1730 2247 1890 2347 scriptis

122 2369 354 2493 ’Eplsraemi
379 2366 649 2461 aliorumque
663 2362 915 2462 scriptorum
942 2363 1205 2462 Syriacorum
1232 2366 1426 2465 exempla
1442 2365 1707 2471 depromens,
1722 2373 1891 2451 ultimo
1915 2358 1932 2404 '¹

116 2512 270 2584 nutem
296 2498 388 2586 loco
414 2491 659 2570 Bsrbebs'aei
693 2488 836 2567 diota
830 2493 1002 2590 ponens.
1064 2493 1114 2566 In
1140 2492 1402 2567 versionibus
1427 2518 1515 2569 non
1549 2496 1892 2625 acquiescendum

131 2646 244 2710 esse,
278 2621 422 2696 iemI.
447 2621 509 2696 D
538 2616 753 2721 Michaelis
773 2617 817 2710 i)
845 2620 886 2690 et
910 2617 1114 2690 intellexit
1139 2632 1179 2689 et
1201 2617 1423 2707 indicavit,
1460 2634 1500 2694 et
1523 2645 1739 2720 magnum,
1777 2628 1892 2724 quod

130 2744 241 2829 iuter
271 2749 517 2848 scriptorem
546 2758 587 2818 et
618 2712 720 2818 libri
751 2744 928 2818 alicuius
961 2743 1231 2844 interpretem
1258 2745 1520 2836 intercedat,
1550 2746 1776 2827 discrimen
1803 2740 1888 2830 non
1971 2762 1974 2767 ’

10 2871 13 2891 '
131 2878 312 2981 neglexit
319 2901 331 2966 ;
363 2877 472 2962 atta,
499 2874 577 2959 ait,
616 2883 723 2946 certe
747 2871 790 2946 in
816 2872 950 2945 maltis
973 2875 1103 2961 ratio,
1129 2873 1298 2976 lingua,
1328 2878 1462 2949 oratio
1488 2881 1669 2951 auctoris
1694 2905 1769 2954 sua
1796 2886 1893 2958 scri·

134 3005 281 3091 beatis,
311 3004 398 3076 alia
424 3002 668 3096 interpretis.
722 3001 813 3099 Qua
837 3021 883 3070 re
909 2994 960 3070 ad
986 3000 1268 3095 antiquiorum
1293 3004 1652 3099 grammaticorum
1671 3024 1892 3099 consuetu·
1963 3051 1966 3054 ·

133 3132 305 3218 distem,
322 3128 496 3203 nonnisi
515 3126 633 3198 iocos
658 3124 848 3205 Peschito
874 3125 928 3199 Ν.
957 3127 1002 3198 Τ.
1028 3119 1310 3214 afferentium,
1347 3129 1384 3201 si
1409 3126 1644 3219 rediissem,
1693 3102 1893 3210 inmari·

115 3281 257 3351 ·snsun
282 3255 553 3331 incurrissem
587 3251 965 3351 reprehensionem.
1032 3255 1098 3327 De
1126 3276 1310 3350 quorum
1340 3266 1474 3329 tumen
1520 3281 1601 3332 usu
1647 3260 1742 3333 setis
1796 3265 1893 3335 coir·

115 3386 283 3474 missu,
318 3380 607 3479 exemplorum
634 3377 796 3485 copiam
831 3373 1084 3476 superfluam
1110 3378 1229 3467 duxi,
1266 3394 1305 3452 et
1337 3381 1508 3454 nonnisi
1530 3406 1578 3456 ea
1605 3386 1745 3471 attuli,
1790 3410 1895 3485 qnae

131 3512 304 3592 dicendi
326 3511 532 3585 rationem
556 3508 663 3581 bene
688 3503 896 3580 illustrare
921 3519 963 3578 et
988 3505 1084 3579 satis
1119 3503 1294 3605 probare
1327 3495 1605 3584 videbantur(
1657 3509 1809 3589 Veteris
1845 3519 1892 3592 T.

134 3642 324 3719 versione
351 3636 534 3736 simplici
560 3656 662 3709 usus
689 3656 806 3721 sum,
844 3631 972 3709 sicuti
998 3632 1145 3707 Bibliis
1179 3634 1422 3733 Poly-glottis
1458 3631 1793 3715 Londinensibus
1826 3666 1895 3715 ex·

133 3769 336 3852 bibetur,
350 3763 539 3868 Peschito
561 3776 732 3834 autem
727 3763 781 3838 Ν.
811 3764 879 3849 Τ.,
905 3760 988 3834 nisi
1012 3759 1129 3834 aliud
1153 3758 1313 3835 adiecto
1339 3763 1459 3862 signo
1485 3753 1705 3853 indicatur,
1732 3790 1799 3839 ex
1796 3734 1895 3840 edi·
2048 3836 2052 3846 ,

135 3896 252 3969 tione
276 3862 536 3978 Gutbiriana;
580 3909 722 3963 omnes
751 3889 845 3961 loci·
866 3888 1110 3962 versionum
1142 3892 1189 3962 V.
1221 3903 1267 3963 et
1300 3892 1352 3964 N.
1388 3870 1460 3976 Τ.,
1501 3891 1584 3965 nisi
1617 3915 1699 3966 vox
1733 3888 1894 3968 Phileas.
2020 3880 2024 3886 ‘

116 4036 208 4099 eut
233 4019 396 4094 Hieros.
423 4016 611 4104 additur,
648 4039 697 4089 ex
725 4014 904 4113 simplici
930 4013 1110 4089 desumti
1149 4029 1257 4091 sunt.
2052 4006 2055 4013 ’

239 4123 529 4240 Prolegomena
556 4168 650 4216 cum
672 4142 805 4216 tribus
823 4140 972 4217 tabulis
989 4144 1234 4243 script-uram
1260 4145 1495 4220 Aramaeum
1521 4117 1823 4220 illustrnntibus
1840 4142 1895 4219 de

138 4273 295 4375 Syriaci
322 4267 524 4344 sermonis
549 4283 589 4339 et
615 4283 876 4368 cognatarum
900 4269 1138 4371 linguarum
1164 4269 1304 4347 indole
1333 4285 1380 4346 et·
1395 4271 1576 4361 ratione,
1621 4269 1672 4346 de
1698 4275 1897 4370 Syrorum
1952 4267 1958 4278 '

141 4445 487 4506 --,·--·.

206 4559 232 4618 ⁰)
264 4551 359 4611 Praei.
375 4553 414 4607 sd
430 4566 556 4624 gramm.
573 4545 639 4621 Syr.
657 4567 688 4626 p.
706 4566 734 4604 v.

1586 4649 1638 4700 ss
1653 4647 1680 4719 2
