4530 5544
238 373 292 459 20
798 334 823 429 s
898 335 1286 459 ..tremonem
1356 434 1360 443 .
1442 398 1509 463 ις,
1577 357 1582 376 ’

325 538 465 627 quaeq
471 555 530 621 5·
554 534 592 609 Si
617 553 641 597 a
667 532 824 610 macab,
858 533 1021 617 Syriacis,
1051 537 1202 607 Arabicis
1231 552 1291 605 aut
1311 541 1395 621 iiii·
1415 541 1631 626 antiquitatis
1638 543 1877 628 scriptoribus
1873 563 2009 627 resena

173 658 176 662 “
243 640 409 727 qnsndom
431 636 588 740 persicae
605 636 740 718 liuguae
762 637 930 720 originem
952 637 1072 707 debere
1090 653 1265 719 narratur,
1294 640 1360 707 hoc
1381 662 1498 733 eurum
1519 648 1755 737 tetamentum
1775 658 1849 737 tuqn
1868 644 2008 721 deman

247 740 339 803 valet·
353 728 520 855 ιειιιιιιι
503 732 560 803 ad
582 730 748 818 liquidum
768 735 952 823 perducere
970 748 1096 822 potest,
1128 742 1155 802 ri
1176 741 1255 804 illos
1276 739 1429 804 Perticae
1447 745 1585 829 linguae
1603 748 1728 829 peritos
1749 730 1851 808 iniere
1875 745 2009 811 scimur.

332 841 454 907 Annos.
476 829 509 918 4
559 828 608 899 lix
629 838 835 902 Armeniaca
840 857 995 921 quoque
1021 838 1156 920 lingua,
1187 841 1274 922 quod
1301 824 1437 923 propter
1459 838 1619 925 Syrorum
1648 865 1726 908 cum
1747 844 1900 907 Armenir
1922 864 2044 921 mar·

247 951 395 1004 ιιιιιιιιιι
425 952 633 1023 ceteramque
661 908 960 1014 necessitudinem,
986 939 1164 1022 praecipue
1194 960 1272 1005 raro
1304 960 1381 1029 cum¹
1410 940 1449 1005 bi
1478 942 1518 1005 ab
1540 942 1608 1007 illis
1630 944 1861 1007 christianam
1870 941 2010 1026 raugia·-

132 1066 135 1071 ’
247 1058 328 1104 uam
353 1040 580 1122 recapittarst.¹
600 1037 700 1101 facile
730 1035 806 1099 fieri
835 1050 981 1120 potatu,
1017 1039 1209 1102 nonnullae
1232 1040 1401 1107 radicas
1391 1060 1429 1129 qn
1449 1042 1625 1124 Syriacum
1645 1062 1837 1110 armonem
1856 1044 2014 1181 transm:

250 1153 403 1225 munt,
421 1141 537 1207 ..suisa
541 1140 597 1203 nai
608 1137 800 1221 snmus
781 1157 859 1228 ram
874 1158 981 1222 supra
999 1156 1069 1201 una
1091 1157 1168 1202 cum
1188 1138 1348 1204 Persicis
1355 1141 1557 1234 attaliam·
1798 1170 1801 1177 ·
1845 1170 1861 1185 .-

353 1263 392 1354 ι)
419 1258 570 1329 Deinde
586 1281 679 1329 vero
699 1258 764 1327 illa
781 1257 967 1328 historiae
985 1255 1194 1329 delineatio
1215 1274 1420 1352 monstrat,
1448 1260 1646 1369 quomodo
1665 1262 1751 1333 fieri
1767 1263 1954 1358 potuerit,
1972 1281 2019 1336 ut

253 1394 315 1452 tot
340 1376 457 1446 verba
483 1356 864 1467 phrasesque1mmo
890 1373 1007 1444 etiam
1034 1395 1173 1443 vocum
1201 1373 1348 1446 formae
1371 1391 1411 1447 et
1428 1370 1612 1447 flexiones
1632 1402 1680 1448 ex
1703 1376 1849 1451 Graeca
1866 1379 2017 1512 lingua,

132 1492 138 1503 ’
251 1518 333 1567 non
360 1490 480 1588 magis
506 1496 621 1585 quam
636 1488 791 1560 Persica
808 1490 985 1584 Syriacae
1014 1501 1199 1592 cognate,
1224 1489 1267 1560 in
1283 1488 1414 1560 hanc'
1402 1491 1681 1588 rmmigrarent.
1732 1496 1892 1565 Factum
1910 1494 2017 1566 enim

248 1608 356 1682 illud
384 1621 444 1675 est
466 1605 555 1677 inde
581 1606 627 1675 ab
654 1617 832 1699 tempore
848 1604 1096 1700 potissimum
1112 1604 1323 1685 Alexandu
1339 1604 1596 1704 Magniasub
1614 1608 1904 1685 Seleucidaram
1921 1630 2015 1682 raro

253 1749 376 1825 regno
397 1723 446 1792 ob
463 1716 562 1812 eam,
588 1743 703 1814 quam
719 1720 779 1790 illi
793 1719 1001 1813 iaciebant,
1018 1720 1338 1801 coniunctionem
1350 1734 1391 1821 et
1400 1723 1729 1809 comuetudinam
1745 1749 1835 1814 cum
1845 1725 2017 1817 Graecis,

252 1842 396 1914 multas
423 1860 546 1917 voces.
557 1836 721 1945 Graecas
739 1837 825 1931 Syri
853 1835 1008 1930 civitate
1038 1860 1120 1911 non
1138 1836 1282 1923 donare
1301 1859 1384 1908 non
1376 1852 1598 1935 poterant.
1652 1826 1764 1915 Nam
1769 1842 1922 1933 etiamsi
1949 1842 2019 1938 qui

258 1958 394 2045 omissa
434 1946 593 2027 omniuo
624 1952 793 2027 Graecos
818 1953 949 2025 Asiam
977 1950 1194 2024 incolentes
1219 1975 1310 2047 pro
1316 1948 1497 2052 genuinis
1523 1930 1684 2026 Graecia
1712 1980 1760 2028 ex
1787 1936 1985 2051 Graecia
1971 1982 2017 2031 sn

255 2075 386 2151 Asiam
416 2069 661 2163 transpositis
696 2085 764 2139 aut
789 2089 926 2141 eorum
945 2069 1117 2162 posteris
1149 2068 1317 2160 habent,
1356 2067 1521 2138 nimium
1550 2068 1625 2139 sibi
1641 2093 1797 2145 sumere
1821 2054 2015 2166 ridentur,

256 2189 366 2263 haud
393 2186 511 2259 dubie
527 2200 669 2255 tamen
685 2185 772 2279 Syri
796 2185 837 2255 id
860 2185 1047 2279 temporis
1063 2183 1305 2256 Graecorum
1330 2205 1460 2256 morea
1486 2185 1663 2280 recipere
1687 2202 1728 2258 et
1745 2201 1899 2281 preater
1918 2192 2017 2261 anti,

234 2317 240 2321 ’
258 2300 374 2402 quam
393 2302 632 2399 patriamque
650 2301 764 2371 etiam
785 2292 973 2373 Graecam
988 2298 1170 2396 linguam
1178 2300 1311 2383 colere
1335 2315 1561 2393 coeperunt.
1613 2301 1713 2380 Vir
1702 2305 1846 2401 igitur
1838 2305 1924 2393 fieri
1944 2328 2017 2399 po·

160 2439 163 2446 “
257 2434 378 2523 terat,
407 2419 502 2514 quin
526 2416 671 2489 sensim
697 2417 919 2512 sensimque
947 2418 1070 2489 multa
1091 2439 1138 2487 ex
1155 2417 1303 2488 Graeca
1320 2415 1460 2528 lingua
1475 2414 1750 2545 reciperentur
1757 2436 1799 2493 et
1816 2437 1900 2492 tum
1919 2445 2023 2516 quo

258 2563 359 2636 que,
396 2560 485 2610 cum
508 2557 631 2634 reguo
655 2518 878 2604 Seleucidis
894 2549 1030 2628 erepto
1058 2498 1295 2604 Graecorum
1319 2530 1517 2628 potentia
1524 2547 1582 2615 et
1592 2510 1802 2608 ,ludiones
1826 2513 2019 2608 diminue-

223 2653 366 2728 retur
392 2675 436 2726 ec
461 2652 543 2724 iere
567 2670 726 2746 prorsus
753 2661 923 2722 cessaret
943 2665 986 2720 et
1010 2649 1146 2746 lingua
1177 2647 1332 2745 Syriaca
1352 2647 1598 2742 pristinum
1585 2645 1710 2744 ipsius
1736 2666 1879 2724 statum
1903 2674 2019 2724 recu·

256 2785 434 2867 peraret,
466 2792 515 2839 ex
540 2768 687 2840 Graeca
711 2767 833 2838 multa
860 2767 1133 2838 retinerentur.
1185 2765 1343 2869 Quare,
1377 2777 1423 2832 ut
1442 2784 1526 2832 rem
1554 2787 1632 2837 uno
1659 2782 1812 2841 tantum
1838 2769 2018 2863 exemplo

257 2889 472 2975 illustrem,
498 2885 642 2955 lectum
670 2896 747 2958 est.
790 2896 837 2951 ut
860 2881 1094 2974 particulae,
1129 2877 1477 2971 quibus-uuirsrsa
1493 2879 1876 2984 Semitarumfflingua
1900 2895 2019 2976 oar'et,

259 3005 363 3099 apud
380 3005 494 3096 Syros
520 2999 739 3070 crebriores·
758 2997 838 3066 sint
862 3011 978 3091 atque
1004 2996 1416 3097 saepiaeusurpetee,
1450 2994 1567 3088 quam
1589 2998 1632 3095 iu
1658 3000 1818 3073 caeteris
1843 2999 2018 3081 dialectis

168 3162 173 3168 -
261 3120 435 3218 cognatis
468 3116 766 3213 (§.1ou.1o5.).
820 3111 973 3182 Deinde
999 3113 1233 3215 Vespasiano
1257 3127 1446 3207 regnante
1473 3113 1518 3205 in
1544 3113 1792 3217 erleberrima
1824 3116 2020 3194 academia

261 3238 308 3309 ab
325 3234 510 3307 Romanis
526 3231 694 3303 Edessae
722 3228 922 3318 instituta,
948 3228 1017 3297 ubi
1042 3242 1179 3299 cuncta
1197 3225 1309 3312 Asiae
1329 3227 1481 3296 cultura
1499 3239 1616 3321 atque
1632 3229 1800 3303 eruditio
1821 3250 1903 3303 erat
1927 3253 2021 3321 cou-

261 3366 441 3452 gregata,
470 3364 510 3419 et
525 3346 680 3440 Syriaco
704 3366 886 3415 sermone
908 3363 948 3415 et
969 3343 1119 3416 Graeco
1147 3341 1436 3414 instituebatur.
1452 3344 1487 3436 ¹)
1540 3344 1677 3436 Neque
1692 3345 2022 3423 Christianareli·

174 3458 178 3474 ’
261 3472 347 3570 gio,
375 3491 474 3562 quae
500 3463 606 3536 haud
630 3461 757 3531 multo
781 3474 873 3555 post
897 3482 1012 3556 quarn
1040 3461 1082 3529 in
1098 3460 1314 3529 Palaestine
1337 3472 1421 3527 orta
1449 3470 1573 3547 esset,
1600 3459 1744 3553 aSyris
1769 3477 1924 3555 recepta
1945 3476 2019 3552 ast,

262 3586 312 3659 ed
333 3598 569 3681 perpetuum
583 3578 741 3673 linguae
755 3576 931 3648 Graecae
950 3575 1122 3647 studium
1142 3582 1226 3644 non'
1239 3556 1428 3687 impulit,
1442 3593 1531 3640 cum
1548 3570 1660 3664 libri,
1686 3575 1826 3679 quibus
1847 3575 2022 3647 contine·

184 3713 189 3725 ’
262 3721 348 3796 tur,
384 3701 532 3775 Graece
549 3706 680 3781 essent
699 3693 929 3793 conscripti,
968 3695 1079 3774 Note
1097 3687 1218 3792 igitur
1235 3689 1487 3758 Testamenta
1504 3686 1715 3779 pertendo,
1739 3691 1855 3761 sicrui
1873 3691 2020 3762 crebris

264 3817 507 3905 versionibus
521 3808 737 3895 librorum
724 3833 769 3883 ιιι
786 3807 1013 3904 disciplinae
1026 3803 1191 3887 modum
1207 3801 1535 3894 compositorum,
1563 3802 1771 3898 praecipue
1793 3805 1840 3878 ad
1859 3828 1918 3876 res
1936 3829 2022 3876 me·

116 3912 120 3921 .
224 3948 226 3953 ·
264 3938 368 4012 dicas
388 3931 647 4033 spectantium
664 3927 863 4020 (nimirum
882 3943 1047 4018 operum
1057 3920 1297 4018 Hippocratis
1312 3919 1597 4014 etAristoseiis),
1624 3920 1720 4015 quin
1738 3922 1853 3994 etiam
1870 3931 2021 4020 poema·

266 4073 348 4128 tum
366 4053 601 4128 Graecorum
622 4043 698 4146 (uti
716 4042 871 4118 Homeri
886 4039 1044 4128 Iliadis),
1065 4035 1211 4109 multae
1230 4057 1344 4107 voces
1353 4082 1366 4125 ,
1393 4057 1492 4127 quae
1507 4034 1634 4129 Syris,
1661 4058 1748 4109 cum
1768 4039 2021 4112 uenationes

264 4171 421 4271 quidem
443 4167 522 4238 illis
546 4162 706 4236 vocibus
726 4157 960 4256 significatas
976 4154 1203 4287 habereut,
1223 4158 1308 4224 esse
1325 4173 1406 4222 nou
1420 4161 1653 4249 potuerant,
1678 4153 1722 4225 in
1718 4154 1930 4249 Syriacam
1945 4154 2025 4242 lin·

199 4344 204 4349 .
264 4310 380 4389 guam
397 4258 645 4358 transierunt
737 4339 742 4347 .

266 4452 607 4494 unuin-¹·-

332 4573 362 4639 a)
388 4570 480 4622 Mases
510 4554 961 4614 Glrarmms.isirter.1rmeaies
984 4571 1011 4622 p
1041 4568 1101 4625 ¹⁴9·
1190 4547 1288 4602 osser.
1314 4549 1362 4601 aa
1380 4547 1462 4618 Syru·
1479 4547 1673 4615 [Nestomnos
1700 4551 1740 4604 ita
1758 4554 1848 4618 soem]
1865 4552 1911 4606 aits
1931 4549 2022 4624 Frag-

267 4670 327 4726 ιφ.
376 4650 463 4709 Leni.
492 4646 568 4720 1756.
602 4644 644 4699 ιδ-
676 4637 811 4696 mirim-
842 4639 913 4694 Call.
940 4635 1101 4692 ffiebhem'a
1185 4646 1256 4688 meni
1274 4635 1304 4688 in
1319 4632 1440 4687 Mnus&
1460 4628 1744 4700 Gessittcitirserseiur
1768 4637 1796 4686 V.
1811 4652 1840 4704 p.
1861 4642 1916 4697 ηδ.
1931 4655 1974 4707 59,
