4476 5536
596 1340 1309 1475 ‚Puanaaxro

191 1961 276 2038 uod
302 1925 523 2038 consilium
550 1962 597 2038 in
623 1960 700 2036 hac
726 1958 989 2059 grammatica
1008 1954 1165 2034 edenda
1185 1957 1295 2035 mihi
1316 1955 1629 2062 proposuerim,
1666 1977 1762 2029 cum
1788 1948 1887 2030 dili·
1960 2026 1974 2049 1,
2069 2058 2072 2064 Ι

117 2105 260 2189 genter
284 2114 376 2162 eam
402 2104 442 2163 et
459 2068 614 2163 attente
631 2087 862 2187 legentibus
882 2083 1081 2161 facillime
1102 2111 1199 2162 sane
1218 2088 1515 2186 perspiciatur,
1548 2084 1694 2161 multis
1712 2081 1886 2156 demon·

31 2280 36 2285 .
118 2233 244 2293 strare
271 2213 531 2325 superfluum
557 2217 698 2290 visum
716 2230 785 2290 est
839 2220 899 2290 Ex
926 2235 1010 2310 quo
1027 2216 1141 2289 enim
1169 2230 1210 2289 et
1238 2216 1378 2289 animo
1405 2238 1499 2288 meo
1526 2237 1593 2286 me
1619 2197 1941 2299 vehementer&
1991 2198 2006 2207 ”

116 2346 375 2445 propellente
401 2359 441 2419 et
468 2345 644 2419 Gesenio
670 2357 833 2421 auctore
860 2366 906 2415 ac
934 2365 1100 2427 suasore
1127 2340 1180 2416 ad
1206 2358 1443 2417 accuratum
1477 2341 1713 2416 litterarum
1749 2335 1887 2411 orien-

117 2473 264 2548 talium
290 2470 476 2548 studium
502 2495 746 2561 accesseram
755 2467 774 2556 ‚'
811 2471 1045 2563 Aramaicae
1076 2469 1342 2569 potissimum
1371 2467 1538 2569 linguae
1564 2493 1662 2543 cum
1688 2487 1889 2567 gramma·

117 2601 241 2674 ticam
269 2597 494 2674 hodiernae
528 2599 699 2672 orientis
737 2597 966 2696 cognitioni
1001 2596 1380 2687 accommodatam,¹
1397 2613 1489 2671 tum
1531 2595 1694 2670 lexicon
1739 2605 1889 2666 cuncta

117 2725 318 2802 vocabula
345 2727 621 2826 complectens
650 2748 775 2823 qnam
800 2725 977 2798 maxime
1004 2722 1230 2800 desiderari
1239 2744 1268 2814 ‚t
1290 2739 1330 2798 et
1355 2723 1405 2798 ab
1432 2706 1697 2827 praeceptore
1723 2720 1912 2820 amatia-2
1995 2762 2000 2770 ·

116 2855 224 2930 simo
260 2850 460 2927 edocebat
493 2867 533 2927 et
565 2854 656 2952 ipse
698 2850 828 2951 probe
863 2851 1159 2949 intelligebam.
1232 2854 1342 2928 Cum
1377 2852 1508 2950 igitur
1541 2843 1651 2927 inter
1684 2862 1888 2928 nostrates

43 2968 48 2973 ⁴
116 2981 341 3078 reperirem
367 3004 544 3079 paucos,
583 2979 656 3075 qui
681 2978 781 3054 huic
809 2979 1023 3054 Semiticae
1048 2979 1207 3053 arboris
1235 3003 1350 3060 ramo
1377 2958 1610 3053 tribuerent
1637 2976 1890 3077 singularam

117 3105 395 3206 diligentiam,
431 3107 487 3180 ita
512 3120 560 3181 ut
586 3104 636 3179 ab
663 3098 717 3180 ii'a
746 3128 870 3205 opera
892 3104 1019 3178 huius
1045 3106 1206 3206 generis
1232 3107 1465 3204 potuissent
1490 3107 1720 3206 expectari,
1765 3102 1817 3177 de
1843 3127 1890 3178 re

95 3233 316 3325 ‘litteraria
340 3257 407 3304 ma
435 3232 740 3329 aliquantulum
765 3220 1017 3306 meriturum
1044 3256 1130 3306 esse
1151 3233 1371 3332 opinabar,
1400 3233 1499 3309 siin
1524 3233 1578 3307 iia
1606 3255 1709 3339 quae
1735 3257 1758 3305 a
1783 3229 1889 3306 viris
1962 3270 1970 3284 x

16 3400 20 3405 ·
116 3357 247 3435 doctis
275 3358 394 3454 quasi
417 3358 462 3432 ila
498 3354 638 3431 medio
679 3369 795 3431 erant
829 3359 991 3446 relicta,
1038 3359 1169 3432 animi
1203 3361 1288 3433 mei
1321 3361 1455 3447 vires,
1500 3361 1889 3457 quantulaecunque

12 3549 25 3568 ,
116 3501 273 3571 essent,
322 3479 597 3558 multifariam
647 3507 692 3557 ac
750 3482 896 3558 crebro
957 3508 1198 3559 exercerem.
1281 3487 1511 3585 Postquam·
1534 3512 1650 3589 sergo
1699 3486 1890 3577 Gesenio,

76 3608 81 3617 ’
116 3613 236 3690 emus
263 3612 483 3686 auctoritas
515 3611 561 3685 in
596 3611 662 3685 his
688 3608 813 3686 rebus
838 3611 945 3684 mihi
971 3627 1056 3684 erat
1082 3626 1123 3685 et
1146 3610 1198 3686 ad
1215 3613 1396 3689 ,cinerea
1425 3638 1559 3714 usque
1593 3616 1777 3692 manebit
1794 3641 1890 3691 ma·

115 3740 245 3826 xima,
303 3760 445 3812 meum
487 3735 675 3812 videram
715 3739 876 3837 placere
921 3739 1168 3826 consilium,
1219 3764 1309 3815 rem
1344 3742 1482 3818 statim
1536 3741 1703 3842 aggredi
1747 3742 1891 3821 nullus

117 3860 319 3938 dubitavi.
374 3868 477 3942 Mox
502 3888 602 3938 vero
629 3888 716 3940 non
743 3867 881 3942 solum
908 3866 1184 3962 quantumin
1207 3891 1274 3941 me
1302 3871 1555 3969 susceperim
1582 3870 1761 3959 laboris,
1795 3871 1891 3948 satis

117 3987 347 4101 sentiens„
369 3989 439 4065 sed
466 3993 591 4065 etiam
617 3991 976 4075 lexico-struendo
1004 3994 1107 4068 alios
1124 3994 1239 4069 viros
1264 3996 1366 4090 (vid.
1390 4021 1480 4097 pag.
1495 3997 1559 4071 to
1579 4012 1619 4071 et
1635 3995 1713 4092 55.)
1731 4011 1770 4072 et
1792 4020 1891 4073 ern·

118 4113 277 4192 ditione
303 4107 425 4210 atqua
449 4116 719 4220 intelligentia
743 4120 877 4194 multo
903 4145 971 4194 me
997 4122 1175 4196 maiores
1210 4147 1378 4222 operam
1405 4148 1525 4199 suam
1557 4148 1709 4201 navare
1736 4125 1889 4212 certior

118 4237 274 4347 factus,
302 4239 578 4319 coercendum
613 4271 700 4321 esse
734 4246 921 4323 iudicavi
955 4251 1181 4325 consilium
1204 4274 1372 4341 meum,
1418 4273 1471 4327 ne
1497 4276 1594 4326 cum
1627 4253 1681 4327 iis
1715 4251 1762 4327 in
1788 4276 1888 4333 con·
2000 4341 2009 4349 ‚

57 4476 61 4483 Δ
120 4369 385 4443 cenationem
411 4369 622 4460 venirem,
666 4398 844 4469 quorum
881 4377 1170 4478 praestantiam
1197 4403 1219 4452 a
1245 4401 1313 4451 me
1338 4401 1430 4453 non¹
1450 4379 1578 4455 modo
1604 4405 1692 4456 non
1719 4401 1887 4477 supera·

119 4507 213 4572 tom
244 4494 321 4587 iri,
359 4492 432 4571 secl
465 4520 571 4596 quos
604 4523 657 4577 ne
692 4499 890 4601 attingere
925 4503 1097 4606 quidem
1129 4518 1199 4581 me
1224 4528 1344 4608 posse
1370 4530 1489 4618 meus
1523 4485 1633 4585 mihi
1665 4501 1887 4583 manifesto
1966 4597 1974 4605 ,
