4476 5536
241 414 316 489 166
824 408 899 471 Lib.
922 408 964 470 11.
990 408 1069 489 Cap.
1093 409 1136 470 Il.
1182 411 1245 471 De
1273 408 1421 471 Verbo.

236 583 341 650 erritn
365 581 502 651 activas
531 581 653 669 solas,
694 578 809 649 modo
838 579 952 647 etiam
979 578 1149 671 passivas
1179 594 1395 647 numerant.
1456 574 1532 645 Alii
1553 596 1669 668 porro
1690 576 1915 647 usitatiores
1933 592 2006 647 tan·

238 717 333 783 tum,
354 700 420 795 alii
438 720 528 769 vero
555 700 670 767 etiam
694 698 810 789 paulo
831 695 996 765 rariores
1021 710 1248 790 agnoscunt.
1301 693 1573 783 Antiquissimi
1592 676 1747 783 quidem
1768 694 2005 787 grammatici

233 819 369 887 Amisa
388 829 485 885 teste
497 812 531 907 2)
559 815 658 883 hanc
675 837 755 893 rem
776 812 885 881 valde
904 812 1067 881 obscure
1087 826 1126 879 et
1144 812 1306 879 confuse
1324 824 1559 892 tractarunt;
1587 825 1626 878 et
1644 802 2001 905 neBnrlvebraeus³J

237 934 393 1025 quidem
419 933 736 1028 coniugationum
756 929 967 1023 originem,
995 944 1173 998 naturam
1193 942 1233 994 et
1255 926 1426 994 indolem
1446 924 1655 1019 perspexit.
1718 926 1903 995 Rariores
1922 930 2004 997 Ara·

234 1063 433 1119 maeorttm
458 1046 751 1144 coniugationes
771 1045 958 1118 Schultess
976 1048 1011 1136 ⁴)
1048 1060 1088 1114 et
1115 1066 1240 1137 nuper
1262 1044 1395 1143 Agrell
1413 1049 1445 1135 ¹)
1474 1059 1512 1113 et
1529 1040 1650 1137 probe
1674 1040 1955 1136 disposuerunt
1970 1059 2004 1114 et

238 1166 349 1235 docte
371 1166 624 1235 illustrarunt.

260 1290 263 1295 ’
324 1301 574 1361 Bardebraeus‘
592 1296 687 1357 verba
718 1296 883 1375 regularia
915 1310 947 1358 et
969 1295 1179 1377 irregularia,
1213 1312 1353 1373 quorum
1383 1295 1561 1356 discrimen
1591 1298 1660 1357 fere
1683 1297 1836 1375 ignorat,
1871 1298 2003 1360 coniun-

237 1400 318 1458 ctim
350 1401 516 1471 tractavit,
545 1398 631 1457 nihil
662 1397 913 1473 demonstrans,
944 1400 1008 1459 nisi
1040 1418 1102 1478 qua
1125 1395 1255 1455 ratione
1279 1407 1428 1475 tempora
1450 1394 1608 1475 modique
1633 1418 1651 1455 a
1673 1398 1785 1458 radice
1805 1398 2002 1461 deriventur.

237 1519 351 1575 Arnisa
379 1516 526 1595 quinque
555 1514 831 1594 coniugationmn
863 1493 959 1603 (llud,
984 1496 1134 1603 fficio)
1152 1510 1304 1570 distinxit
1323 1530 1446 1592 genera
1471 1525 1504 1573 et
1526 1513 1596 1575 lere
1619 1532 1784 1596 quamque
1807 1514 2005 1595 coniugatio·
2043 1568 2051 1577 .

236 1652 315 1693 nem
345 1634 384 1692 in
414 1632 538 1710 species
562 1630 731 1690 distribuit
752 1648 811 1708 pro
834 1629 1051 1691 fundamento
1075 1627 1245 1691 divisionis
1269 1628 1446 1690 uerborum
1470 1645 1602 1691 sumens
1626 1630 1876 1707 conditionem,
1897 1644 2002 1693 utrunt

238 1735 338 1791 unius
363 1745 417 1791 aut
441 1731 579 1790 duarum
605 1744 712 1789 essent
734 1731 943 1809 syllabarum.
988 1732 1102 1807 ltaque
1132 1730 1156 1789 1.
1177 1729 1283 1789 Verba
1305 1729 1531 1808 monosyllaba
1557 1736 1589 1803 ι)
1613 1751 1689 1792 cum
1711 1732 1864 1797 motione
1887 1732 2002 1807 (litters

237 1850 434 1929 quiescente)
465 1847 503 1906 in
521 1845 615 1907 ‚linez
655 1864 773 1926 nempe
804 1852 836 1922 α)
861 1848 881 1919 U
905 1860 937 1905 et
956 1844 996 1920 β)
1018 1844 1093 1927 Δ,
1122 1849 1154 1935 a)
1182 1846 1278 1906 verba
1301 1850 1372 1908 sine
1394 1847 1545 1905 motione
1568 1846 1714 1927 inpiae:
1736 1868 1860 1929 nempe
1884 1852 1919 1923 a)
1938 1848 2000 1927 ''ts,

235 1960 274 2037 β)
291 1964 375 2045 ”α“.,
403 1972 438 2047 γ)
458 1962 554 2022 Verb.
564 1963 670 2041 regul.
681 1964 766 2023 med.
778 1968 825 2035 A„
849 1976 880 2022 et
896 1960 925 2036 d)
947 1961 1044 2021 Verb.
1055 1962 1157 2042 regul.
1168 1964 1252 2023 med.
1262 1964 1300 2023 E.
1333 1964 1425 2023 Haec
1443 1964 1650 2025 omniaPenl
1665 1977 1794 2024 tanturn
1814 1978 1847 2025 et
1868 1962 1999 2043 Etbpeel

236 2082 426 2163 respiciunt.
481 2080 584 2139 Porro
614 2080 657 2139 ll.
680 2079 787 2139 Verba
815 2079 894 2139 duas
917 2078 1054 2159 syllabas
1078 2080 1335 2160 complectentia
1361 2085 1391 2157 t)
1416 2056 1522 2141 cum'
1549 2080 1587 2138 in
1619 2099 1630 2138 1
1657 2078 1795 2140 radicali
1826 2094 1858 2141 et
1881 2082 1919 2142 in
1938 2080 1999 2141 fius

235 2215 298 2275 lud
327 2216 350 2273 i.
382 2234 408 2272 e.
438 2211 517 2272 past
546 2210 654 2271 verbb.
677 2192 766 2277 Ἃ.
827 2216 860 2287 a)
884 2230 961 2271 cum
985 2186 997 2213 ’
1019 2212 1057 2271 in
1083 2233 1096 2273 1
1121 2212 1250 2287 littera,
1282 2210 1338 2272 sed
1360 2213 1433 2272 sine
1456 2211 1577 2272 ludin
1600 2212 1682 2272 fine:
1715 2208 1841 2293 nempe
1869 2216 1905 2291 a)
1927 2210 1999 2275 east

155 2356 158 2361 '
238 2347 332 2404 Verb.
360 2345 464 2423 regul.
490 2358 522 2403 et
546 2343 676 2403 Scbalel
706 2342 814 2402 verbb.
836 2324 912 2410 ’ζῇ
940 2357 972 2401 et
999 2342 1041 2419 β)
1064 2344 1136 2405 Alei
1161 2344 1272 2404 verbb.
1296 2346 1381 2406 med.
1404 2347 1523 2425 quiesc.
1547 2354 1579 2423 5)
1602 2346 1716 2420 verba,
1740 2364 1885 2427 quorum
1910 2366 1925 2409 ι
1950 2348 1999 2409 lit·

238 2492 306 2534 tora
335 2495 404 2533 non
438 2494 456 2533 a
485 2477 735 2554 pronuntiatur:
767 2494 887 2554 nempe
911 2475 985 2534 Peal
1008 2488 1040 2535 et
1061 2478 1203 2559 Ethpeel
1225 2484 1260 2553 a)
1284 2478 1393 2538 verbb.
1415 2478 1474 2557 'h
1504 2495 1536 2539 et
1556 2478 1594 2553 β)
1619 2480 1729 2539 verbb.
1751 2460 1838 2547 um.
1897 2482 1998 2541 Abra·

238 2597 314 2651 huus
340 2593 563 2653 Ecclsellensis
588 2592 618 2665 ⁶)
651 2592 816 2652 vocalibus
848 2592 1121 2671 coniugationun't
1149 2610 1244 2674 typos
1271 2595 1404 2655 deliniri
1429 2596 1549 2665 voluit;
1575 2600 1684 2677 itaque
1706 2617 1759 2658 eas
1782 2594 1836 2654 his
1858 2602 1998 2679 paradig-

233 2709 377 2769 matibus
408 2722 439 2767 ot
470 2706 537 2769 hoc
566 2708 684 2767 ordine
712 2710 889 2770 illustravit
923 2689 1033 2793 ¹)10',
1061 2713 1097 2786 a)
1122 2686 1194 2805 ᾖ,
1224 2715 1255 2787 3)
1279 2691 1359 2799 baed,
1389 2717 1421 2789 4)
1443 2692 1534 2813 ψ),
1562 2719 1594 2790 5)
1616 2690 1723 2797 Μ’),
1750 2712 1783 2787 6)
1805 2696 1858 2817 42⁶,
1885 2720 1924 2793 7)
1944 2698 1998 2815 po,

235 2846 272 2917 8)
294 2849 385 2927 mi,
412 2844 445 2917 9)
467 2817 546 2925 lls'l,
578 2844 628 2914 ιο)
651 2840 751 2907 an..
813 2841 900 2901 Cum
923 2859 1001 2899 vero
1023 2818 1154 2947 '‘KR“
1185 2860 1268 2920 quae
1297 2858 1374 2903 suns
1402 2844 1502 2905 buius
1531 2830 1663 2926 generis
1685 2844 1722 2904 in
1743 2848 1919 2909 nonnullis
1939 2852 2000 2911 los·

235 2960 299 3018 rnis
327 2952 367 3013 ab
397 2954 516 3013 usitata
546 2940 691 3015 flex'ione
720 2957 874 3019 recedere
897 2956 1037 3027 videret,
1067 2954 1119 3015 his
1146 2977 1275 3038 quoque
1297 2962 1463 3039 singulare
1486 2960 1603 3022 tribuit
1624 2961 1825 3043 paradigma.
1871 2964 2000 3027 Deinde

234 3062 272 3118 in
302 3055 436 3135 passivis
459 3053 660 3114 illustrandis
684 3057 828 3117 eundern
851 3070 979 3117 secutus
1003 3068 1050 3115 est
1071 3056 1232 3117 ordinem.
1290 3060 1453 3123 Similiter
1477 3062 1577 3123 Isaac
1601 3063 1815 3123 Sciadrensis
1837 3060 1868 3139 ²)
1890 3064 2002 3129 dcem

234 3172 380 3235 admittit
410 3172 673 3249 coniugationes:
708 3173 740 3249 t)
759 3156 806 3253 lp'o
823 3186 855 3233 et
876 3150 959 3266 ..ἔω
979 3175 1012 3249 2)
1033 3148 1160 3258 2⁴:133)
1182 3151 1242 3287 (Q,
1256 3180 1287 3253 4)
1311 3160 1354 3279 (τ’,
1369 3180 1400 3254 5)
1422 3154 1499 3265 llio,
1514 3179 1545 3252 6)
1566 3185 1651 3267 Ἆῤ,
1671 3178 1706 3253 7)
1730 3156 1843 3267 ΔΞ,
1868 3182 1903 3255 8)
1924 3162 2004 3273 Ερ,

233 3310 266 3387 a
291 3283 398 3373 a..
425 3308 476 3382 ιο)
504 3280 606 3405 ..a
861 3300 866 3307 ·

335 3442 373 3528 a)
400 3437 513 3505 Varia
542 3435 861 3535 coniugationum
891 3433 1214 3505 recensendarum
1239 3437 1336 3507 ratio
1362 3437 1452 3508 inde
1472 3436 1680 3531 praecipue
1699 3437 1869 3531 exstitit,
1897 3444 2001 3537 quod

233 3578 364 3625 earum
390 3554 554 3621 rariores
581 3555 706 3621 verbis
726 3552 968 3642 plurilitteris
990 3551 1345 3625 adnumerarentur.
1397 3558 1551 3625 Etenim
1575 3556 1671 3623 aliae
1695 3556 1734 3624 in
1756 3558 1872 3629 cenis
1893 3562 2001 3631 verbi

231 3669 452 3765 irregularis
473 3668 527 3761 (ς.
545 3670 722 3755 67-79.)
743 3668 940 3754 classibus,
968 3668 1064 3735 aliae
1082 3667 1123 3735 in
1142 3670 1274 3759 paucis
1296 3672 1435 3758 verbis,
1462 3672 1558 3740 aliae
1579 3670 1747 3763 denique
1767 3672 1808 3741 in
1826 3678 1997 3747 nomini·

230 3792 302 3857 bus
327 3801 514 3855 tantuma
537 3784 653 3854 verbo
684 3784 863 3854 derivatis
883 3783 1246 3877 deprehenduntur.
1274 3788 1325 3855 ita
1347 3804 1389 3856 ut
1407 3788 1519 3857 facile
1544 3805 1703 3881 possent
1722 3794 1998 3885 grammaticos

231 3910 413 4001 elingere.
493 3904 628 3992 Itaque
667 3901 859 3972 hocloco
897 3902 1075 3998 vulgares
1114 3903 1160 3970 ab
1194 3906 1374 3973 omnibus
1407 3906 1488 3975 fere
1515 3907 1683 4001 agnitas,
1733 3920 1998 4017 postea‘vero

230 4023 284 4115 (g.
307 4024 385 4111 62.)
416 4018 530 4089 etiam
557 4019 720 4089 rariores
748 4018 1096 4090 animadvertimus.
1164 4024 1262 4092 Sunt
1289 4023 1378 4091 illae
1397 4039 1565 4115 quatuor
1585 4023 1731 4091 activae
1748 4022 2000 4119 totidemque

228 4139 425 4229 passivae,
451 4159 578 4226 neque
597 4138 782 4206 Hebraeis
802 4154 841 4205 et
858 4138 981 4208 forma
1003 4153 1042 4206 et
1060 4136 1342 4232 significatione
1361 4140 1573 4209 absimiles:

299 4356 327 4401 a)
349 4344 480 4395 Gramm.
500 4342 600 4395 Chald·
621 4364 648 4411 p.
661 4350 721 4417 ⁸5⁶·
1152 4350 1279 4401 wexion.
1298 4353 1449 4413 asservati)
1469 4353 1500 4405 ds
1518 4355 1638 4405 Numero
1656 4354 1877 4425 coniugationum
1899 4356 1997 4429 Syrio·

297 4429 328 4497 5)
347 4426 477 4479 Gratum.
495 4434 579 4480 metr.
600 4426 670 4480 Cod.
690 4430 770 4483 Gott.
789 4450 815 4500 p.
836 4444 869 4501 95
887 4448 921 4485 ss.
1152 4450 1242 4483 carum
1260 4434 1291 4484 in
1315 4433 1414 4487 Osiolv's
1434 4438 1560 4503 Syriacis.
1580 4438 1606 4503 s.
1625 4438 1678 4490 111.
1696 4456 1725 4508 p.
1743 4444 1777 4497 s8
1793 4456 1829 4491 ss.

296 4516 327 4579 4)
348 4512 488 4563 Institutt.
508 4516 602 4564 Aram.
622 4532 649 4581 p.
668 4530 702 4583 57
721 4530 757 4565 ss.

300 4602 329 4664 ς)
352 4598 513 4662 Conspectus
542 4598 663 4664 opusculi
686 4616 763 4651 mser.
789 4598 832 4665 (in
857 4602 930 4655 Bibl.
958 4600 1065 4671 Gymn.
1173 4640 1181 4653 .
1218 4542 1248 4609 6)
1268 4544 1353 4613 [Μ’
1371 4547 1481 4613 εγω
1499 4545 1628 4615 pum·
1647 4556 1738 4599 mm
1757 4566 1785 4617 μ
1803 4580 1885 4653 Ὢ
1912 4569 1952 4607 ”⁰

1218 4676 1246 4740 7)
1266 4671 1429 4727 Grttutmst
1448 4670 1522 4743 ling.
1539 4670 1648 4741 syriae.
1667 4693 1696 4745 p.
1713 4678 1787 4745 1820
1816 4693 1854 4733 ss.
