4530 5544
259 379 289 459 ς.
317 395 369 454 4ο.
422 376 587 444 Redicm
628 376 857 456 grammatias
887 371 1027 452 Syriaci
1062 373 1225 434 samonis
1251 370 1422 455 formatio
1458 375 1494 435 in
1533 375 1728 440 universum
1758 390 1919 458 spectate·
1949 379 2023 459 153

261 546 537 615 formationem
561 560 600 614 et
629 545 834 615 flexionem
864 539 1096 633 respexisset
1124 538 1189 606 ille
1215 541 1509 636 grammaticum
1546 556 1630 611 tum
1659 542 1761 612 enim
1781 535 1941 619 verbum
1960 573 2026 620 no·

211 654 222 673 ’
261 663 377 748 suini,
414 662 531 729 verbo
559 683 649 729 vero
676 680 894 750 pronomen
911 654 1207 747 anteposuisset.
1259 658 1340 728 Nos
1360 659 1481 754 igitur
1497 658 1651 728 initium
1667 651 2025 760 lacimusaprono·

260 781 377 865 mine,
406 799 483 871 quo
511 776 669 844 verbum
697 774 867 842 flectitur
894 786 932 838 et
961 790 1129 861 quocum
1155 773 1314 842 nomina
1339 774 1651 869 coniungunturs
1678 774 1769 844 inde
1794 776 2023 853 adverbum

220 896 225 904 “
261 893 544 980 descendimus,
570 892 716 984 quippe
742 887 847 980 quod
874 886 1106 978 plerumque
1134 887 1290 957 nomina
1319 889 1421 980 parit
1444 913 1658 982 eorumque
1688 893 1962 969 formationem
1984 914 2024 970 et

226 1058 232 1063 -
259 1009 465 1078 flexionem
487 1007 609 1103 regim
634 1006 725 1075 hinc
744 1004 790 1075 ad
808 1028 939 1079 nomen
957 1017 997 1071 et
1015 1015 1212 1094 postremo
1235 1002 1289 1075 ad
1299 1004 1503 1099 porticulus
1521 1007 1737 1077 accedimus
1751 1006 1819 1102 ¹⁰).

241 1138 249 1153 ·
361 1128 401 1214 4)
429 1123 527 1191 Cum
556 1145 688 1191 omnes
711 1123 912 1191 Semiticae
936 1120 1094 1214 linguae
1120 1117 1272 1188 dialecti
1291 1123 1418 1192 minus
1446 1125 1633 1213 flexione,
1663 1146 1776 1214 quam
1796 1131 1944 1200 voculis
1966 1155 2024 1203 ra·

262 1238 337 1310 dici
363 1237 592 1335 suffigendis
618 1252 658 1305 et
682 1237 939 1334 praefigendis
959 1233 1270 1326 (pronominibus
1292 1255 1331 1306 et
1349 1239 1561 1332 particulis)
1579 1240 1809 1330 primitivam
1833 1245 2025 1339 significa·

211 1358 412 1431 „tionem
439 1355 584 1423 variare
612 1370 651 1422 et
675 1377 752 1445 qua
778 1354 928 1424 ratione
952 1349 1058 1419 radix
1083 1348 1130 1447 ad
1157 1348 1247 1419 alias
1279 1374 1393 1421 voces
1419 1369 1569 1443 utatur,
1605 1352 1766 1422 definire
1793 1358 2025 1456 soleant¹¹),

260 1496 390 1565 nequa
415 1470 569 1564 Syriaca
593 1470 705 1538 aliam
734 1468 864 1562 potuit
886 1465 1038 1563 ingredi
1064 1463 1184 1554 viam,
1234 1466 1338 1558 quod
1364 1472 1570 1563 praecipue
1603 1474 1811 1543 Praesentis
1843 1474 2023 1548 formatio

243 1591 316 1683 ·(§.
343 1600 421 1678 49.)
439 1587 657 1656 luculenter
676 1585 800 1654 docet.
855 1582 928 1652 Est'
943 1603 1035 1649 sane
1052 1580 1197 1672 pariter
1219 1597 1335 1673 atque
1354 1584 1395 1652 in
1415 1586 1582 1655 Arabum
1600 1609 1780 1658 sermone
1799 1589 1862 1658 illa
1882 1591 2023 1663 forma·

262 1729 349 1776 rum
372 1705 482 1799 origo
502 1703 731 1793 plerumque
752 1700 876 1767 minus
893 1696 1118 1789 perspicua,
1145 1697 1211 1764 sed
1229 1699 1429 1805 Hebraicis
1451 1703 1680 1793 comparatis
1700 1720 1852 1794 praeter
1867 1727 2024 1776 omnem

261 1808 422 1915 ponitur
440 1817 718 1886 dubitationem
734 1815 800 1905 ²²).
855 1813 1113 1883 Inveniuntur
1130 1827 1261 1882 autem
1282 1815 1396 1884 etiam
1416 1815 1576 1904 formae,
1605 1833 1767 1908 quarum
1789 1821 2024 1917 etymologia

260 1960 343 2007 non
359 1936 484 2006 solum
502 1934 663 2000 obscura
683 1947 752 2017 est,
769 1930 835 1998 sed
854 1928 967 1995 etiarn
989 1940 1163 1995 accurate
1184 1928 1366 2020 explicari
1383 1931 1532 2021 nequit,
1551 1946 1594 2000 ut
1609 1934 1901 2004 terminationes
1915 1935 2017 2007 Plur.

260 2045 345 2163 θ’,
374 2047 428 2164 χ’,
458 2064 539 2134 alia.
597 2068 735 2135 Veram
752 2055 953 2151 flexionem
982 2059 1087 2128 subit
1117 2059 1275 2129 verbum
1292 2061 1487 2152 Syriacum
1510 2058 1776 2161 informandis
1795 2071 2023 2164 coniugatio·

260 2181 513 2271 nibus‚.quae
543 2173 786 2267 dicuntur¹⁸)
819 2180 918 2244 etin
943 2173 1146 2248 nominibus
1175 2176 1220 2243 ab
1243 2175 1327 2266 ipso
1348 2177 1531 2251 derivatis.
1586 2182 1827 2272 Compositio
1846 2183 2022 2273 Syriacae

258 2299 418 2392 linguae
446 2319 523 2365 non
549 2295 707 2365 omnino
734 2308 882 2363 exemta
908 2309 964 2361 est
983 2292 1035 2386 (ἓ.
1056 2293 1156 2380 9ο.),
1185 2289 1252 2359 sed
1270 2294 1484 2384 composita
1500 2293 1674 2385 inprimis
1693 2299 1917 2392 appellativa
1936 2321 2022 2368 raro

260 2414 525 2483 inveniuntur.
560 2463 566 2472 ,

367 2532 405 2618 5)
435 2528 530 2596 Cum
567 2528 753 2595 dialectus
782 2525 932 2614 Syriaca
964 2537 1121 2614 propter
1148 2522 1284 2590 malam
1313 2522 1439 2614 gentis
1466 2539 1609 2593 sortem
1634 2527 1688 2619 (ξ.
1716 2533 1767 2614 5.)
1797 2529 1957 2597 aliarum
1987 2545 2025 2597 et

242 2660 515 2741 cognatarum
553 2658 592 2710 et
623 2665 702 2710 non
734 2639 907 2705 sisinium
935 2639 1153 2732 linguarum
1180 2637 1216 2702 vi
1244 2650 1282 2703 et
1309 2651 1500 2731 potestate
1526 2639 1800 2736 defatigaretur
1824 2645 2024 2734 multaque

226 2758 246 2829 ,⁸
263 2762 379 2829 verba
401 2759 525 2827 aliena
548 2757 718 2848 recipere
739 2775 862 2846 paena
884 2766 1013 2822 coacta
1035 2766 1136 2820 esset
1151 2748 1204 2844 (ᾗ.
1229 2754 1300 2841 4.),
1328 2772 1456 2842 neque
1474 2753 1589 2823 flexio
1610 2771 1646 2824 et
1666 2757 1845 2826 formatio
1864 2782 1960 2848 pura
1986 2775 2026 2828 et

335 2970 381 3034 ιο)
407 2971 516 3019 Vaserus
542 2965 660 3035 quidem
677 2975 780 3018 centra
798 2966 877 3017 bunc
896 2965 1027 3017 ordinem
1047 2961 1101 3014 dis·

265 3053 382 3126 putavit
405 3048 572 3115 (Handducls
597 3050 642 3100 der
664 3048 735 3100 hebr.
762 3067 818 3116 syr.
844 3049 935 3102 chald.
954 3049 1009 3099 und
1026 3047 1100 3097 arab.

267 3136 387 3205 Spsoche
405 3135 448 3186 ed.
469 3147 492 3183 s.
511 3149 538 3200 p.
556 3132 647 3197 Vll.):
669 3133 722 3184 Mis
740 3133 912 3201 allgemeinsr
933 3130 1101 3183 Grammatils

266 3221 414 3276 anholtsnd
439 3215 631 3283 desaltasftigt,
658 3217 763 3266 uuerde
788 3214 831 3265 icit
856 3214 927 3266 miei
951 3233 974 3266 s.
1005 3213 1033 3263 Β.
1059 3213 1101 3262 nie

266 3304 457 3370 sntschls'sssen
483 3301 617 3363 komnen,
644 3300 686 3348 ds'e
708 3296 876 3348 Grammatik
895 3301 966 3347 einer
986 3293 1102 3360 Sprachi

268 3391 317 3441 nsit
336 3389 393 3436 dem
413 3385 561 3434 Pronsmsn
578 3381 769 3449 emissangen,
787 3397 815 3430 es
832 3397 918 3429 waere
936 3380 1019 3440 deon,
1039 3378 1101 3442 dass

229 3498 240 3511 ·
268 3475 311 3525 die
329 3467 467 3523 Methodils
494 3465 539 3516 der
562 3477 649 3515 ersten
673 3463 825 3528 Erlsrssung
850 3461 984 3512 dersslien
1012 3477 1039 3509 es
1062 3459 1102 3531 dei

266 3559 369 3610 ussitem
400 3550 473 3603 mehr
491 3548 609 3615 sardes-n
632 3545 727 3604 sollte,
765 3546 809 3595 als
833 3545 869 3593 im
898 3540 1101 3596 Hebraeisclsen.

275 3642 360 3692 Wenn
377 3654 439 3687 man
457 3634 505 3683 mit
523 3630 580 3680 dem
600 3630 707 3680 Nomen
724 3629 872 3695 anfosum,
890 3645 920 3676 sa
938 3627 1037 3676 kommt
1054 3624 1102 3673 dos

272 3721 386 3788 Capitel
403 3737 462 3767 vom
481 3717 630 3765 Pronomae
647 3729 695 3762 vor
713 3712 772 3762 dens
789 3728 850 3761 vom
875 3707 985 3758 Verbum
1003 3726 1036 3759 su
1053 3720 1101 3756 ste·

268 3807 322 3858 lien
343 3830 374 3840 -
394 3799 509 3850 maluere
530 3795 727 3850 Grammatilser
752 3793 838 3843 haam
866 3793 916 3842 dos
943 3792 1048 3842 Nomen
1073 3808 1102 3840 so

265 3883 438 3954 vorgestsll13
466 3882 527 3943 dass
552 3895 615 3926 mon
639 3876 712 3924 donn
738 3877 785 3924 mit
803 3876 847 3922 der
866 3874 1040 3939 Darstellung
1057 3875 1104 3922 des·

272 3975 389 4028 Formcn
418 3963 552 4013 desselben
577 3957 648 4008 nieht
674 3956 743 4008 aucis
761 3953 879 4023 sagitiels
897 3956 950 4006 ulls
969 3973 1020 4005 von
1038 3958 1101 4005 irre-

265 4057 400 4128 gulaersn
423 4044 520 4097 Verlun
537 4043 689 4109 olgeleitete
707 4036 852 4109 a'ussssllen
870 4039 959 4102 kann,
987 4041 1022 4088 ist
1033 4038 1103 4105 sesi·

264 4138 326 4194 sica
351 4132 436 4185 walis.
474 4129 553 4179 Disce
576 4125 639 4176 sind
660 4125 722 4175 obss·
738 4123 809 4177 aucit
826 4120 900 4174 nieht
910 4121 980 4189 fuer
997 4122 1046 4172 den
1064 4138 1103 4170 er·

261 4237 327 4278 aaa
353 4217 472 4284 Anfong.
516 4209 572 4263 Sed
603 4206 634 4259 in
666 4206 722 4258 boc
754 4208 816 4276 ipso
847 4206 909 4259 eius
943 4205 1020 4257 dicto
1044 4219 1104 4255 non

262 4302 389 4361 omniuo
421 4296 543 4355 desunt,
578 4291 683 4361 quibus
715 4299 814 4342 nostra
839 4299 936 4359 partes
964 4287 1104 4341 orationis

228 4386 235 4397 ’
263 4381 444 4458 &ponendi
477 4377 553 4430 ratio
588 4372 815 4427 commendetur.
859 4372 1003 4436 Concedit
1026 4373 1106 4425 enim

272 4475 404 4531 raesens,
446 4461 653 4516 formationem
686 4456 829 4521 nominis,
868 4472 935 4509 curn
970 4473 987 4506 a
1018 4455 1106 4508 verbo

260 4555 422 4631 pudeat,
475 4546 593 4599 nonnisi
640 4543 727 4594 serbo
772 4539 929 4605 absoluto,
978 4537 1107 4606 intelligi

259 4654 365 4713 passe.
434 4628 575 4687 Discendi
621 4641 688 4681 sero
723 4622 890 4681 nse‘tlsadum
922 4624 955 4676 in
990 4621 1107 4676 Semici-

1186 2977 1238 3012 cae
1283 2959 1401 3012 dialecti
1438 2964 1613 3034 etymologis
1648 2966 1786 3034 respicias
1820 2985 1934 3020 necesse
1973 2981 2026 3038 est,

1186 3060 1262 3113 quaa
1293 3044 1426 3098 ordinem
1460 3049 1589 3102 admittit
1620 3048 1733 3101 nullum
1768 3049 1867 3103 alium.
1923 3053 2026 3106 Erem-

1187 3127 1268 3196 plum
1313 3144 1380 3181 vero
1420 3131 1621 3201 antiquiorum
1657 3132 1934 3201 grammaticorum,
1973 3138 2025 3208 qui

1187 3210 1248 3264 sola
1282 3209 1392 3280 logices
1429 3225 1583 3283 praccepta
1615 3215 1650 3266 da
1684 3226 1763 3268 recta
1796 3219 1946 3287 cogitandi
1979 3236 2027 3272 ra·

1171 3295 1284 3367 tione,
1309 3310 1377 3346 cuns
1394 3296 1425 3344 in
1443 3297 1633 3362 grammatica
1652 3297 1824 3352 adornanda
1840 3301 2027 3354 methodicen

1187 3376 1292 3426 melius
1319 3378 1411 3428 secuti
1436 3387 1547 3441 essent,
1575 3377 1711 3431 volebant
1735 3382 1868 3436 adhiberi
1887 3387 1965 3454 (pag.
1984 3403 2027 3456 47.

1188 3467 1248 3510 not.
1263 3463 1336 3524 tp),
1354 3458 1410 3511 hac
1432 3462 1463 3511 in
1483 3478 1513 3511 re
1532 3461 1616 3512 nihili
1635 3472 1678 3513 est
1695 3465 1916 3520 aestimandum.
1953 3469 2028 3522 aaa

1187 3542 1340 3593 methodus
1374 3560 1473 3594 eorum
1504 3544 1535 3594 ia
1569 3546 1734 3598 universum
1757 3549 1854 3602 minus
1879 3561 1948 3620 apta
1975 3561 2026 3605 est„

1189 3624 1250 3675 Vid.
1268 3641 1344 3694 quae
1362 3626 1397 3677 ad
1414 3627 1438 3693 5.
1456 3632 1499 3692 48.
1518 3630 1687 3681 notavimus.

1263 3712 1303 3771 ιι)
1344 3709 1406 3762 Vid.
1445 3711 1554 3762 Gerenii
1584 3713 1727 3783 Lebrgeb.
1763 3713 1815 3766 der
1845 3713 1928 3768 bebr.
1964 3717 2027 3785 Spr.

1191 3790 1215 3858 §-
1233 3806 1277 3858 ss
1295 3789 1324 3842 b·

1258 3877 1302 3936 rs)
1322 3874 1379 3940 Qui
1410 3890 1477 3925 vero
1503 3875 1680 3929 Hebraicasn
1703 3876 1836 3947 linguam
1861 3896 1920 3932 non
1947 3882 2028 3949 priua

1190 3948 1279 4021 q'nam
1304 3952 1456 4019 Syriacam
1489 3956 1643 4023 didicerit,
1675 3961 1700 4011 is
1724 3977 1794 4012 sane
1819 3963 1850 4013 in
1875 3964 2029 4030 permtdtie

1191 4036 1400 4104 grammaticae
1427 4038 1559 4106 partibus
1578 4056 1677 4093 seram
1693 4042 1822 4095 indolem
1840 4058 1898 4099 nen
1918 4051 2029 4119 perspi·

1191 4121 1264 4183 ciet,
1290 4121 1370 4171 unde
1398 4120 1539 4172 Dilierrur
1563 4125 1660 4177 minus
1680 4125 1792 4178 Graece
1817 4129 1953 4196 quidem,
1979 4132 2029 4186 sed

1190 4219 1302 4255 summo
1327 4202 1392 4254 inre
1415 4205 1580 4259 rudimenta
1598 4224 1650 4262 sua
1668 4210 1833 4280 inscripsit:
1862 4209 1945 4279 sdislc
1970 4215 2029 4271 s’ss·

1189 4287 1281 4357 ρραῖος
1298 4283 1391 4348 sirice.
1425 4287 1485 4339 Cir.
1505 4291 1593 4343 etiam
1620 4309 1671 4358 ea,
1702 4311 1779 4365 quaa
1803 4295 1861 4350 baa
1884 4298 1922 4351 de
1947 4314 1981 4350 ra
1997 4299 2027 4350 iss

1191 4370 1375 4440 praefatione
1400 4373 1576 4425 monuimus.
1701 4365 1706 4381 ¹

1259 4459 1305 4522 ¹3)
1326 4455 1367 4505 De
1392 4453 1447 4505 bac
1473 4455 1573 4508 aliissa
1598 4460 1767 4513 notionibus
1795 4462 1951 4514 Seruiticse
1975 4461 2032 4513 lia·

1193 4553 1268 4609 gnae
1299 4535 1497 4607 peculiaribus
1516 4542 1601 4593 adeas
1623 4543 1731 4594 Gestari
1747 4546 1957 4613 grammaticas
1975 4544 2034 4598 lis·

1195 4622 1308 4675 bracas.
1345 4619 1411 4673 iluc
1428 4623 1556 4691 pertinet
1577 4623 1707 4692 laelrgsi.
1725 4626 1751 4695 §.
1771 4625 1815 4694 67.

1779 4715 1814 4746 tt
