4476 5536
239 401 400 470 vnr'
780 379 1380 476 ‘saramania

445 523 459 532 .
787 526 793 536 .
1136 523 1146 556 ,
1410 521 1413 525 -

163 642 165 649 ,
267 682 272 691 ‚
339 595 472 695 Quam
490 588 706 663 'rationem
733 589 780 662 in
802 591 882 663 hoc
918 588 1030 665 libro
1068 571 1289 662 scribendo
1326 602 1488 664 secutus
1523 591 1622 682 sim,
1663 603 1806 698 paucis
1842 603 2041 688 demon.-

238 717 454 805 strandum
480 717 586 791 erit·
642 717 938 813 Etenimquae
980 713 1179 790 Gesenius
1210 715 1257 787 in
1288 717 1553 813 grammatica
1570 781 1571 785 ,
1588 722 1810 802 Hebraicae
1845 727 2011 836 linguae
2064 760 2068 765 ·

150 834 154 855 ”
234 845 387 943 maiori
414 859 453 918 et
478 844 678 918 Silvester
704 843 756 916 de
783 843 896 940 Sacy
920 843 967 915 in
993 842 1164 916 Arabica
1189 843 1505 941 praestiterunt,
1550 870 1618 937 ea,
1662 867 1709 927 ut
1735 880 1840 953 quaa
1865 864 2011 940 volue-

178 974 193 985 “
236 973 351 1061 rim,i
370 995 536 1070 ngenue
564 956 702 1058 fatear,
730 971 918 1069 Syriacae
946 969 1132 1068 linguae,
1161 969 1289 1042 nimis
1317 967 1393 1044 diu
1409 963 1637 1071 neglectae,
1668 1005 1903 1084 comparare
1921 1014 2009 1066 ma-

234 1100 449 1200 ximopere
475 1099 627 1173 studui.
682 1101 887 1195 Magnum
913 1121 1010 1171 sane
1037 1121 1142 1197 opus
1171 1085 1211 1169 et
1230 1095 1428 1216 arduum,
1462 1099 1594 1176 nimia
1619 1099 1792 1183 fortasse
1820 1113 2007 1194 audacia!
2105 1089 2108 1094 Ι

236 1223 320 1304 Sed
344 1227 565 1326 praecipua
591 1226 665 1298 illa
691 1216 885 1322 exempla
903 1210 1131 1321 adspirasse
1157 1236 1321 1322 semper
1345 1222 1517 1302 iuvabit
1570 1231 2008 1327 tnadornandisain·
2057 1228 2063 1235 ’

235 1353 346 1455 gulis
372 1351 515 1441 rebus,
553 1375 656 1449 quae
683 1347 913 1424 tractandae
940 1365 1075 1438 erant,
1109 1375 1329 1447 earumque
1357 1348 1502 1427 ordine
1530 1360 1698 1434 Gesenii
1724 1330 1898 1465 vestigia
1919 1365 2007 1444 fere

183 1470 186 1475 ⁸
232 1479 391 1577 ubique
407 1480 560 1579 pressi,
589 1503 686 1554 cum
708 1492 879 1578 propter
904 1476 1109 1551 rationem
1136 1475 1245 1549 mihi
1263 1500 1388 1572 quam
1411 1481 1590 1573 maxime
1615 1479 1880 1582 arridentem,
1909 1509 2015 1584 tum,

235 1606 349 1706 quod
370 1594 497 1680 'illius
533 1603 824 1706 grammaticas
856 1629 879 1716 a
913 1603 1105 1703 plurimis
1140 1601 1356 1681 hebraicae
1394 1603 1561 1704 linguae
1609 1612 1838 1716 cultoribus
1882 1642 2006 1696 usur·

166 1836 182 1851 ἱ
232 1735 328 1836 pari
353 1731 466 1810 haud
491 1730 742 1833 ignorabam.
806 1731 890 1832 Qui
924 1753 1023 1803 vero
1058 1743 1201 1803 nostro
1236 1742 1435 1828 tempore·
1459 1734 1667 1832 Syriacam
1701 1739 1898 1840 linguam
1922 1711 2006 1823 sibi
2067 1729 2095 1758 ³

236 1876 409 1938 sumunt
435 1857 694 1947 discendam,
746 1857 782 1930 ii
826 1853 912 1931 lere
945 1880 1088 1931 omnes
1126 1855 1349 1931 Hebraicae
1385 1859 1643 1956 aliquamdiu
1677 1889 1845 1966 operam
1879 1896 2003 1947 nava·

232 2004 334 2085 runt
347 1971 430 2062 „aut
456 2000 566 2061 certe
590 1999 639 2059 ut
664 1985 880 2073 neverint,
915 1982 1144 2084 optandum
1172 1997 1244 2082 est.
1307 1982 1407 2059 Non
1434 1983 1659 2064 defuerunt
1685 1995 1883 2086 omnino,
1930 2001 2005 2096 qui
2073 1988 2087 2021 ³

234 2117 352 2209 aliter
378 2113 454 2192 hac
481 2111 534 2191 de
559 2137 604 2188 re
630 2109 869 2201 statuerent,
895 2126 936 2186 et
962 2111 1253 2187 Semiticarum
1279 2111 1518 2210 linguarum
1545 2115 1854 2195 institutionem
1880 2128 2004 2223 aSy·

166 2301 171 2306 .
233 2243 347 2318 riaca
381 2241 538 2315 vellent
572 2239 726 2340 incipi,
775 2240 885 2314 inter
928 2263 1033 2337 quos
1075 2239 1252 2324 eminuit
1285 2240 1322 2312 I.
1349 2239 1410 2314 D.
1445 2238 1660 2317 Michaelis
1682 2243 1746 2338 *),
1793 2246 1865 2321 sed
1900 2271 2003 2346 quae
2105 2273 2108 2280 ⁴

231 2382 404 2471 propter
456 2362 697 2444 facilitatem
745 2365 874 2445 huius
902 2365 1067 2464 linguae
1094 2365 1321 2464 speciosam
1363 2363 1415 2439 de
1457 2368 1546 2467 eius
1590 2369 1730 2450 studio
1777 2374 2000 2453 Hebraicae
2093 2373 2094 2377 ’

231 2498 401 2596 linguae
426 2493 682 2586 institutioni
717 2487 996 2593 prae'cedente'
1020 2491 1103 2566 sibi
1136 2471 1387 2591 promittunt
1422 2473 1657 2586 commoda,
1697 2499 1875 2576 minoris
1910 2525 2001 2578 mo·
2055 2530 2058 2536 ·

193 2614 197 2618 ⁶
230 2623 384 2709 menti,
429 2644 484 2694 ne
516 2618 653 2699 dicam
686 2620 859 2697 omnino
904 2643 1010 2693 vana
1044 2631 1186 2704 sunt,
1214 2641 1313 2706 cum,
1344 2625 1571 2717 permultae
1606 2623 1764 2722 Syriaci
1798 2609 1999 2704 sermonis

138 2846 149 2857 ι
231 2747 392 2827 formae
434 2773 480 2836 ac
514 2747 786 2861 proprietates
827 2745 1000 2818 nonnisi
1045 2743 1240 2818 Hebraici
1284 2748 1587 2843 comparatione
1628 2746 1806 2824 feliciter
1840 2755 2001 2852 possint

231 2866 434 2954 illustrari
460 2888 500 2948 et
525 2871 732 2972 explicari.
787 2873 899 2971 Quae
927 2894 1023 2944 cum
1048 2870 1103 2943 ita
1127 2871 1225 2957 sint,
1253 2871 1527 2946 necessarium
1553 2872 1661 2953 mihi
1686 2874 1924 2969 videbatur,
1945 2895 2001 2957 ‘ut

230 3005 436 3107 plurimos
464 3001 563 3075 libri
586 3000 670 3076 mei
695 2997 868 3082 lectores
896 2997 1119 3075 Hebraicae
1159 2996 1324 3095 linguae
1360 3021 1506 3095 gnaros
1533 3023 1739 3087 sumerem
1765 3018 1805 3078 et
1832 3004 1999 3089 adeam
2048 3025 2077 3080 ·,

229 3133 360 3208 huius
387 3130 553 3228 linguae
579 3123 905 3226 grammaticam,
951 3149 1054 3221 quae
1089 3123 1280 3196 omnium
1307 3123 1497 3198 manibus
1524 3142 1730 3215 versatur,
1780 3110 1999 3230 diligenter

232 3255 511 3349 adverterem,
555 3278 607 3334 ne
635 3252 856 3349 quisquam
883 3247 1031 3327 ordine
1057 3264 1127 3323 aut
1151 3248 1353 3327 tractandi
1376 3251 1536 3326 ratione
1569 3268 1726 3331 mutata
1760 3236 2020 3344 turbaretur,

230 3388 358 3483 inque
385 3404 606 3484 progressu
632 3376 917 3454 retardaretur.
973 3380 1084 3480 Quae
1110 3400 1176 3451 res
1204 3401 1255 3452 ne
1294 3377 1347 3449 iis
1385 3375 1556 3471 quidem
1594 3373 1734 3493 alieret
1769 3372 1997 3481 quidquam
2043 3394 2051 3404 “

230 3511 491 3593 detrimenti,
527 3509 564 3582 si
591 3507 666 3604 qui
692 3505 871 3578 aliorum
895 3504 1082 3578 virorum
1117 3501 1382 3575 institutione
1416 3501 1463 3574 in
1495 3501 1707 3580 Hebraicis
1742 3508 1807 3582 uti
1837 3490 2022 3610 praese-¹

228 3652 337 3729 rant;
374 3623 471 3710 nam
497 3634 571 3706 alii
595 3655 735 3706 rerum
761 3628 1064 3703 tractandarum
1092 3627 1244 3701 rationi
1271 3641 1457 3702 assuetos
1490 3628 1665 3728 simplex
1701 3630 1804 3708 ordo
1838 3650 1878 3709 et
1909 3632 1997 3711 for-

228 3793 317 3854 ma,
348 3741 597 3861 ⁴conspectus
624 3757 910 3858 grammaticae
936 3755 1188 3856 praemissus
1225 3767 1265 3828 et
1298 3751 1426 3830 Index
1463 3755 1691 3856 tripartitus
1718 3762 1900 3836 multum
1926 3761 1997 3837 ad·

173 3954 176 3969 .
230 3884 447 3969 iuvabunt.

333 4022 508 4104 Omnes,
554 4015 630 4114 qui
661 4014 957 4100 innotuerunt,
1001 4009 1132 4107 libros
1159 4007 1264 4084 hanc
1292 4033 1379 4084 rem
1406 4024 1620 4087 tractantes
1648 4010 1736 4088 fere
1760 4016 1808 4089 in
1834 4017 1994 4092 cunctis

229 4144 516 4250 grammaticae
556 4140 745 4239 partibus
791 4139 975 4238 inspexi,
1029 4152 1069 4210 et
1105 4136 1141 4211 si
1186 4133 1288 4235 quid
1327 4131 1576 4233 praebebant
1608 4139 1731 4229 boni,
1779 4140 1826 4212 in
1851 4144 2004 4219 meum·

226 4297 353 4350 usum
396 4267 603 4354 converti,
651 4265 729 4340 ubi
768 4288 868 4340 vero
910 4264 1019 4339 mihi
1059 4286 1147 4340 non
1187 4259 1510 4354 satisfaciebant,
1555 4290 1659 4366 quae
1694 4265 1872 4343 deerant·
1887 4268 1991 4345 meis

231 4444 576 4476 μ

293 4555 319 4616 ’)
340 4526 565 4628 ‘abhandlung
582 4568 644 4612 uon
662 4548 718 4624 der
737 4549 903 4628 Syriscban
922 4500 1056 4625 ipracbc
1072 4536 1141 4609 una
1158 4544 1260 4606 iliram
1280 4543 1449 4605 Gabrauclr.
1483 4546 1508 4614 §.
1528 4546 1553 4603 4.
