4530 5544
251 488 329 573 eta
406 512 414 525 ‘

227 636 231 643 Ι
255 678 283 718 c.
303 674 331 717 e.
346 654 430 715 Gau.
446 650 648 733 construitur
665 672 743 717 cum
759 636 927 719 iienitivo.

257 760 305 811 e.‚
330 760 381 819 cp.
400 746 430 798 et'
445 756 514 817 cap.
534 751 642 817 caput.

64 886 70 897 ,
171 868 174 873 -
258 838 320 884 cet.
338 836 456 891 cetera,

259 907 376 968 Chald.
397 905 626 973 Chaldaicum.

259 991 385 1052 Chron.
404 990 503 1053 Barla.
525 990 719 1053 chronicon
734 989 948 1055 Barhebraei.

258 1074 312 1135 cll.
329 1074 448 1167 collato
464 1072 499 1139 et'
514 1070 650 1135 collatis.

258 1159 341 1220 Cod.
358 1158 448 1219 vim:
464 1157 579 1219 Codex
597 1158 816 1220 Vimarientia
832 1160 913 1223 libri
924 1156 1097 1221 Nazaraei.

258 1243 357 1305 Cani.
378 1255 411 1303 et
426 1242 604 1303 Coniunct.
624 1242 878 1305 Coniunctivus.

259 1324 402 1406 Coniug.
419 1340 449 1386 et
471 1326 649 1405 Coniugat.
667 1330 867 1408 coniugatio.

256 1422 376 1471 constr.
397 1422 613 1471 constructus.

255 1495 333 1556 Dat.
348 1494 498 1556 Dativua.

255 1578 332 1641 Dei.
349 1593 383 1640 et
399 1580 526 1641 Deiect.
543 1578 764 1641 Defectivum.

254 1664 481 1725 Demonstrat.
497 1665 801 1728 demonstrativum.

251 1748 401 1809 Denom.
420 1748 730 1809 Denominatitum.

256 1831 340 1892 Der.
356 1846 388 1893 et
403 1833 519 1893 Deris.
535 1832 740 1895 Derivatum.

255 1916 350 1977 Dim.
364 1916 627 1977 Diminutivum.

256 2020 287 2060 e.
307 2018 334 2061 c.
351 2001 498 2080 exempli
517 2018 640 2060 caussa.

256 2083 308 2145 ed.
332 2085 440 2164 princ.
476 2083 577 2144 editio
602 2084 756 2166 princepe
778 2084 867 2147 Novi
892 2082 1098 2147 Testamenti

342 2168 480 2249 Syriaci.

255 2275 286 2316 e.
300 2272 330 2334 g.
348 2254 492 2333 exempli
510 2251 625 2331 gratia.

254 2335 366 2418 emph.
384 2336 602 2417 emphaticus.

221 2468 224 2473 -
254 2422 356 2504 Ephr.
372 2437 403 2482 et
421 2421 524 2500 Ephr.
552 2422 623 2501 Syr.
640 2416 823 2499 Ephraemi
838 2417 913 2499 Syri
930 2416 1040 2500 Opera
1059 2438 1097 2481 ex

341 2506 487 2566 editione
500 2506 660 2564 Romana.

253 2594 278 2652 f.
296 2591 418 2653 etiem.
436 2590 651 2649 femininum.

252 2678 328 2736 Fut.
347 2675 523 2737 Futurum.
647 2732 652 2747 ,

251 2762 324 2821 Fut.
344 2761 401 2831 h,
423 2758 463 2823 Ε.
480 2773 536 2819 aut
551 2760 592 2818 U.
609 2757 776 2817 Futurum
797 2774 874 2817 cum
887 2753 1029 2815 secunda
1044 2772 1096 2815 ra·

338 2844 437 2904 dicali
452 2845 601 2904 vocalem
621 2864 658 2911 a,
684 2864 702 2901 e
718 2855 773 2900 aut
787 2864 809 2901 u
825 2840 1043 2921 coniungens.
1080 2840 1083 2845 ’

247 2932 323 2992 Fut.
342 2949 433 3009 apoc.
453 2930 620 2988 Futurum
636 2937 865 3006 apocopatum.

249 3017 336 3077 Gen.
354 3028 387 3074 et
403 3011 516 3071 Genit.
536 3010 722 3072 Genitivua.

250 3122 323 3180 gen.
344 3118 462 3178 genua.

247 3187 352 3247 Hebr.
373 3183 595 3256 Hebraicum,
621 3179 723 3240 etiam
743 3189 849 3240 textor
870 3176 1068 3239 Hebraicua.

246 3271 280 3333 h.
299 3294 328 3335 e.
350 3271 416 3331 hoc
433 3284 491 3330 eat.

246 3359 291 3420 ib.
311 3359 448 3418 ibidem.

248 3446 270 3502 i.
293 3466 321 3503 e.
339 3444 373 3503 id
393 3457 453 3500 est.

247 3529 329 3607 Imp.
346 3544 377 3585 et
397 3528 516 3604 imper.
539 3523 766 3602 Imperativus.

246 3614 379 3691 Imperi.
400 3610 649 3685 Imperfectum.

246 3698 377 3773 impert.
397 3693 677 3767 impersonaliter.

247 3782 314 3839 ind.
338 3776 549 3839 indicativus.

246 3866 308 3923 lnl.
330 3880 361 3923 et
382 3862 505 3922 lnfinit.
526 3856 725 3919 Infinitivua.

244 3948 382 4009 lnuanr.
404 3945 668 4007 intransitivum.

244 4034 262 4089 l.
291 4038 309 4093 l.
331 4042 404 4095 loco
424 4032 565 4091 laudate.

243 4138 287 4173 m.
306 4136 334 4177 et
357 4138 455 4177 mam.
478 4116 711 4175 masculinum.

243 4202 334 4261 Μαι,
369 4206 497 4259 thoart.
515 4200 540 4257 Ι.
560 4200 603 4258 D.
623 4194 798 4259 Michaelis
816 4183 1087 4253 Chrestomathie

333 4288 343 4319 ¹.
357 4308 362 4315 ·
380 4292 399 4323 ,“
409 4304 439 4329 μ
449 4304 457 4313 ι

242 4372 328 4431 lion.
356 4350 494 4427 'tanae-n
510 4382 564 4423 aot
582 4361 823 4425 Nominativus.

243 4452 282 4507 .⁸·.
303 4452 323 4507 'i
362 4476 483 4513 onan-m
505 4452 530 4511 'l
537 4460 767 4509 vetamentum.

242 4534 313 4591 ἕπε·
341 4557 370 4593 e:
392 4540 510 4597 i'emr..
530 4534 760 4613 Partitipium.

611 451 1030 581 Praecipuaffipendia
1041 430 1239 568 scriptionis
1251 400 1478 619 leiim-lilino
1492 482 1665 553 adhibita.
1719 457 1725 465 .

1183 656 1305 719 Partic.
1318 636 1502 721 Paruiutit
1593 646 1596 651 ⁵

1183 760 1270 821 perr.
1288 760 1426 823 persona
1442 754 1498 802 aut
1513 740 1701 822 personale.

1183 824 1601 972 Pe⁸⁰iiieiti⁵1i1heiiii.v'mi⁰
1628 840 1685 889 aut
1707 822 1799 889 Novi
1819 834 1889 957 tuat¹
1907 822 2025 889 Veteris

1182 991 1270 1055 Phil.
1287 1007 1321 1055 et
1328 992 1711 1059 Philox.Philoxeniana
1718 992 1906 1077 Novifi'eut.
1915 994 2023 1061 vatio.

1184 1076 1232 1138 Pl.
1252 1090 1285 1138 et
1298 1077 1388 1138 Plur.
1402 1079 1556 1142 Pluralio.

1184 1160 1275 1226 Plur.
1292 1161 1421 1235 maiett.
1438 1162 1579 1225 Pluralia
1593 1166 1836 1228 maiestaucor.

1183 1238 1396 1327 Plusquainp.
1414 1246 1793 1333 Plurquamparfectumi

1184 1347 1233 1472 ἓν.
1252 1342 1285 1391 et
1300 1349 1408 1411 propr.
1431 1335 1575 1417 proprie.

1214 1431 1293 1473 raet.
1313 1415 1476 1476 Praesens.

1185 1496 1291 1558 Praet.
1307 1496 1539 1562 Praeteritum.

1184 1581 1292 1644 Praet.
1309 1585 1366 1656 A„
1394 1582 1432 1643 E.
1458 1598 1515 1645 aut
1532 1584 1572 1645 U.
1590 1582 1814 1647 Praeteritum
1829 1590 2022 1654 convocati

1271 1686 1311 1739 a,
1334 1687 1353 1726 e
1371 1679 1427 1726 aut
1447 1689 1470 1728 u
1487 1670 1524 1729 in
1539 1668 1650 1731 media
1668 1668 1809 1733 rediculi
1824 1668 1950 1737 littera.
2015 1702 2019 1707 ·

1184 1749 1343 1809 Pronum.
1361 1747 1566 1812 Pronomen.
1926 1750 1931 1759 ’

1183 1834 1280 1894 relat.
1296 1844 1330 1892 et
1350 1833 1475 1894 relatis.
1493 1836 1683 1899 relativum.

1184 1936 1209 1979 a.
1227 1918 1294 1977 aive
1311 1930 1367 1977 aut
1384 1935 1535 1999 sequeno.

1183 2020 1227 2060 ec.
1244 2002 1381 2064 scilicet.

1184 2084 1273 2165 Sing.
1290 2083 1474 2165 Singulari·
1491 2096 1549 2145 aut
1569 2082 1746 2169 singulare.

1184 2187 1226 2228 rr.
1250 2170 1431 2249 sequentia.

1184 2251 1216 2313 S.
1235 2253 1268 2313 S.
1286 2270 1377 2315 sacra
1393 2252 1567 2333 scriptura.

1183 2348 1253 2397 atat.
1272 2339 1458 2397 abnuatur
1479 2335 1659 2401 absolutae.

1182 2434 1256 2480 etat.
1275 2432 1396 2481 constr.
1413 2430 1513 2479 utatur
1531 2433 1749 2484 constructus.

1183 2516 1255 2565 stat.
1273 2500 1385 2583 emph.
1402 2514 1502 2561 ttatus
1518 2500 1736 2583 emphaticae.

1183 2608 1208 2649 a.
1229 2609 1254 2647 v.
1272 2588 1332 2647 rub
1349 2604 1437 2646 voce.

1183 2672 1292 2735 Subsr.
1311 2670 1575 2733 substantivum.

1182 2755 1440 2817 suffitullixum.
1470 2788 1473 2793 ·

1181 2841 1327 2903 Transit.
1346 2840 1595 2902 Transitivum.

1182 2946 1210 2987 v.
1229 2938 1262 2985 et
1281 2925 1346 2984 vid.
1367 2925 1457 2996 vide,
1473 2924 1639 2995 rideatur.
1717 2962 1731 2977 ι

1183 3002 1211 3069 ν’.
1235 3021 1313 3069 ante
1343 3026 1525 3069 numerum
1549 3009 1698 3089 aliquem
1718 3007 1891 3093 significet
1915 3032 2019 3079 versor

1266 3098 1437 3169 (comma).
1563 3112 1567 3119 ·

1181 3198 1210 3237 v.
1228 3196 1255 3236 c.
1274 3178 1365 3237 verbi
1379 3195 1500 3238 caussa.

1178 3260 1277 3322 Verb.
1299 3261 1457 3323 Verbum.

1178 3345 1276 3405 Verb.
1297 3344 1383 3407 finit.
1402 3345 1551 3409 Verbum
1568 3346 1716 3411 finitum.

1177 3428 1259 3490 Voc.
1278 3430 1466 3493 Vocativur.

1177 3513 1219 3576 V.
1237 3513 1276 3573 T.
1294 3528 1384 3574 vetus
1400 3516 1667 3581 Testamentum.

1264 3599 1384 3659 Libros
1401 3620 1512 3663 sacros
1527 3618 1558 3663 et
1580 3604 1698 3665 veterio
1712 3614 1747 3665 et
1767 3604 1852 3667 novi
1875 3604 2014 3670 foederis

1178 3684 1230 3757 iis,
1254 3703 1337 3761 quae
1355 3686 1441 3764 apud
1459 3700 1619 3747 nostrates
1634 3707 1696 3748 usu
1709 3702 1844 3768 recepta
1860 3706 1950 3767 eunt,
1977 3694 2016 3753 ai·

1177 3768 1252 3845 gnis
1261 3767 1426 3835 indicavi;
1451 3772 1607 3842 aliorum,
1623 3770 1682 3849 qui
1689 3771 1817 3851 passim
1829 3772 2015 3849 laudantur,

1178 3850 1268 3909 tituli
1285 3852 1482 3914 recensione
1500 3860 1530 3927 o.
1540 3870 1571 3931 5.
1581 3852 1727 3915 exhibita
1742 3852 1843 3918 lacile
1861 3860 2017 3941 cognosci

1176 3946 1320 4013 possunt.
1374 3935 1539 4009 Inlocis,
1579 3937 1823 4020 quaeeSacrie
1837 3940 2017 4026 Scriptuiit

1176 4016 1383 4087 afferuntur,
1415 4038 1579 4082 numerus
1593 4024 1687 4103 prior
1701 4034 1816 4103 caput,
1856 4028 2019 4107 putarint

1177 4122 1309 4162 comma
1336 4102 1459 4179 signam
1498 4106 1536 4166 in
1558 4106 1602 4167 iio
1624 4126 1718 4180 vero,
1755 4126 1841 4187 qnae
1873 4128 1917 4173 ex
1941 4112 2018 4175 Bar·

1173 4184 1310 4246 hebraei
1328 4186 1515 4262 Chronico,
1545 4190 1944 4259 Assemooioibliorhoea
1957 4196 2019 4259 ori·

1174 4272 1294 4341 entali,
1319 4270 1599 4333 Chrestomathiir
1615 4276 1743 4355 sumni,
1779 4296 1948 4341 numam·
1974 4282 2017 4343 ai·

1172 4374 1239 4435 gno
1254 4356 1428 4415 commatis
1445 4358 1497 4432 (‚)
1512 4358 1714 4438 praecedent
1732 4360 1914 4445 paginam,
1933 4374 2018 4449 poet·

1172 4440 1297 4519 positus
1314 4459 1389 4501 vero
1405 4440 1530 4505 lineam
1547 4442 1686 4509 indicat.

885 4660 1301 4688 -..mm-*-

519 4768 922 4789 ..μ

240 4766 357 4849 Iri-,brt
378 4806 392 4851 Ι
417 4778 453 4855 0.¹
470 4778 659 4871 finieras,
677 4800 902 4871 trem-lm·
