4530 5544
246 418 320 497 106
506 410 580 475 Lib.
602 409 628 471 1.
651 408 731 492 Cap·
753 372 803 473 1.·ιι
823 410 878 474 De
899 424 991 473 recte
1011 386 1182 470 scribendi
1203 423 1236 470 et
1257 411 1503 488 pronuntiandi
1523 384 1741 474 rudimentis(
1824 454 1828 461 ,

247 583 485 667 elegantiorem
519 575 729 639 eruditorum
760 576 939 637 dialectum
962 577 1109 655 nequitur
1131 588 1163 635 et
1184 590 1374 656 propteroa,
1397 575 1455 635 ubi
1479 578 1612 657 Syriaca
1635 576 1876 640 verhe'litteris
1896 578 2017 643 ldtinla

247 702 420 788 exprimit,
451 688 674 773 duplicatione
702 709 865 771 nusquam
894 711 971 752 usus
999 704 1066 763 est,
1094 704 1132 751 ut
1159 670 1520 790 engilperfecerunt
1541 694 1581 768 i.)
1601 693 1718 754 scribit
1727 694 1761 771 ³)
1780 697 1920 781 scialern
1943 698 1970 760 i.
1985 716 2015 759 e.

246 807 457 903 ,cholen-⁴),
487 845 597 907 neque
618 824 794 891 rebellem
816 799 905 913 „psl
933 823 1072 899 (docuit)
1090 822 1217 884 'scribit
1247 823 1336 905 olef,
1366 826 1513 902 quamvis
1544 826 1585 884 sit
1608 826 1855 908 coning,.Padl.
1878 827 2015 904 Canem,
2038 866 2075 907 -,

246 973 291 1020 ns
320 950 359 1010 in
388 944 560 1005 nonnullis
588 940 764 1019 exemplis,
797 937 857 998 uhi
883 958 984 1001 unam
1008 941 1176 1020 Syriacam
1199 939 1346 999 litteram
1370 939 1629 1001 duabus·latinis
1652 942 1739 1023 apud
1761 930 1914 1039 Amiram
1937 946 2027 1030 aeri·=

244 1083 337 1150 ptam
367 1061 476 1134 rides,
511 1056 770 1138 geminationem
800 1053 984 1117 adhibitam
1006 1072 1116 1137 putes;
1150 1048 1216 1115 tre's
1238 1058 1331 1126 enim
1353 1055 1497 1127 litteras,
1522 1057 1649 1118 scilicet
1672 1097 1734 1142 us,
1763 1075 1800 1140 ..g
1828 1073 1861 1120 et
1885 1079 1908 1131 u
1928 1079 2015 1122 um·
2052 1100 2057 1107 -

170 1248 173 1253 ,
245 1163 391 1267 per'ht,
415 1193 449 1251 ,tt
478 1187 511 1236 et
534 1195 580 1235 aa
608 1171 731 1233 scribit.
787 1164 977 1233 Maronitae'
998 1173 1173 1245 hodierni,
1205 1184 1244 1230 ut
1273 1174 1395 1231 Arcton.
1425 1173 1566 1251 Aryda,
1595 1174 1860 1253 geminationem
1887 1175 2017 1238 littera-

245 1303 323 1347 rum
352 1299 420 1343 non
451 1287 634 1357 agnoscunt
652 1276 698 1348 ⁵);
733 1271 789 1332 sed
817 1290 933 1331 eorum
960 1274 1153 1332 testimonio
1182 1289 1251 1329 non
1280 1271 1352 1350 plus
1381 1271 1539 1350 probatur
1569 1289 1669 1350 quam
1700 1272 1926 1353 Graecorum,
1957 1280 2016 1356 qui

241 1403 335 1447 nunc
358 1391 449 1451 sunt,
471 1373 746 1458 pronuntiatione
767 1374 805 1431 in
829 1373 981 1452 antiquae
1004 1374 1139 1451 linguae
1164 1371 1311 1430 Graecae
1334 1371 1605 1449 pronuntiatione
1628 1371 1828 1435 desmienda.

275 1482 281 1494 t
328 1481 452 1541 Annos.
477 1496 507 1538 2.
552 1475 603 1534 Er
624 1474 645 1531 l·
671 1464 801 1530 thibi
820 1470 949 1532 Orient.
973 1473 1161 1533 luculenter
1184 1484 1335 1550 apparet,
1369 1489 1441 1529 non
1463 1471 1602 1530 omnino
1628 1492 1737 1535 seram
1761 1492 1829 1536 etse
1852 1472 2015 1553 Ialtnt‘i‘)

242 1598 274 1646 et
301 1581 423 1644 Veteri
451 1570 719 1655 sententiam'),
749 1571 805 1650 qui
833 1571 926 1631 illam
947 1571 1111 1644 litteram,
1143 1572 1180 1630 in
1212 1588 1273 1650 qua
1297 1569 1450 1648 Dagesch
1472 1570 1558 1630 forte
1582 1591 1622 1629 er
1647 1573 1798 1653 analogia
1819 1577 2014 1655 ponendum

245 1697 342 1755 esset,
364 1700 408 1738 ne
430 1679 468 1736 in
489 1671 766 1755 pronuntiatione
789 1671 922 1751 quidem
945 1672 1108 1750 geminari
1131 1669 1344 1730 contendunt.
1388 1670 1429 1727 In
1451 1668 1647 1748 elegantiori
1663 1685 1792 1733 tanturn
1808 1666 1965 1737 sermone
1980 1690 2014 1738 et

244 1783 333 1864 apud
363 1774 582 1839 occidentales
611 1773 771 1851 Syrorum
800 1770 883 1830 haec
910 1770 1091 1848 geminatio
1122 1769 1353 1839 omittebatur,
1384 1768 1420 1826 in
1444 1768 1572 1845 vulgari
1594 1791 1670 1832 vero
1694 1790 1848 1834 sermone
1870 1786 1905 1834 et
1928 1774 2015 1857 apud

244 1879 421 1944 orientales
446 1876 543 1954 Syros
565 1873 676 1931 locum
702 1870 855 1931 habebat.
1277 1949 1283 1961 ι

329 1983 452 2041 Annos.
475 1993 507 2050 5.
564 1970 592 2030 I.
624 1968 668 2030 H.
698 1971 830 2050 Wepler
849 1968 882 2049 ⁸)
923 1970 1023 2030 etiam
1057 1968 1293 2049 geminationis
1330 1971 1461 2049 signum
1502 1970 1599 2049 Syros
1633 1969 1788 2033 habuisse
1809 1972 2013 2043 *existimatt

243 2100 342 2164 quem
363 2080 401 2138 in
423 2075 527 2136 finem
550 2072 653 2131 alium
675 2071 996 2142 Assemanldictunt
1010 2070 1043 2147 ')
1073 2069 1183 2130 affert:
1213 2069 1456 2156 proferendum
1482 2087 1558 2132 erat
1581 2073 1639 2148 (sc.
1662 2090 1787 2133 nomeu
1808 2074 1918 2155 papa)
1941 2095 2014 2137 cum

164 2234 171 2255 Ι
235 2163 384 2245 ¹accentu
414 2175 608 2254 duplicante
635 2173 803 2246 litteram,
835 2174 883 2233 tic
905 2172 1094 2249 PappoS,
1128 2172 1214 2230 sicut
1236 2190 1355 2230 nomen
1373 2172 1582 2248 primitivum
1605 2170 1802 2251 componens
1824 2173 1969 2255 Abdera
1991 2196 2014 2236 e

239 2297 391 2379 'Syriaco
412 2267 488 2374 ldl,
517 2288 791 2369 quemadmodum
823 2289 1029 2366 antiquiores
1060 2287 1144 2364 Syri
1168 2285 1329 2368 proferre
1360 2302 1610 2348 consueverant.
1662 2287 1754 2349 Haec
1782 2294 2015 2353 auteht'Assass

243 2382 343 2458 mani
368 2389 467 2454 rerba
495 2387 583 2449 nihil
613 2386 769 2468 probant,
801 2387 868 2447 nisi
894 2385 1040 2445 litteram
1068 2386 1150 2464 pin
1173 2386 1445 2463 pronuntiatione
1476 2388 1679 2464 geminatam
1702 2408 1791 2458 esae3
1823 2390 1912 2452 nibil
1933 2410 2012 2453 vero

244 2497 286 2558 ,10
316 2496 410 2575 ‚igno
441 2490 635 2551 continent,
663 2505 729 2548 uun
763 2485 849 2558 heae
876 2482 1116 2552 pronuntiandi
1149 2485 1233 2542 ratio
1261 2484 1436 2546 indicetur.
1489 2484 1557 2562 Qui
1580 2507 1656 2547 vero
1680 2509 1718 2575 ex
1743 2509 1801 2562 eo,
1824 2491 1916 2569 qnod
1936 2490 2015 2573 Syri

242 2593 316 2641 rem
342 2580 505 2645 habeant,
536 2571 668 2650 signum
695 2590 827 2650 quoque
856 2571 956 2633 huius
984 2577 1035 2635 rei
1060 2596 1115 2637 eos
1136 2579 1291 2643 habuisse
1313 2585 1499 2664 colligeret,
1529 2587 1592 2646 hac
1615 2608 1649 2646 se
1671 2592 1742 2667 ipse
1764 2589 1896 2651 falleret
1917 2609 2014 2672 argu·

241 2674 468 2771 mentatione,
499 2690 576 2732 cum
605 2671 704 2731 etiam
734 2671 860 2734 litteras
878 2672 997 2734 'vocali
1031 2675 1200 2742 destitutas
1222 2685 1315 2745 nullo
1339 2684 1485 2745 afficiant
1503 2688 1618 2766 signo,
1642 2707 1706 2767 quo
1730 2707 1783 2750 eas
1803 2706 1921 2751 vacuas
1942 2710 2013 2753 esse

242 2776 393 2839 indicent
416 2774 459 2848 (d.
486 2783 535 2848 15,
562 2772 617 2846 u).
2020 2795 2023 2798 ⁴

257 2870 262 2881 ’
328 2875 451 2936 Annos.
474 2888 504 2947 4.
549 2869 586 2930 Si
609 2873 762 2950 aspirata
787 2874 836 2954 εἷς
857 2873 1056 2952 geminanda
1080 2890 1134 2937 aut
1157 2878 1301 2940 litteram
1325 2883 1560 2959 geminandam
1580 2887 1747 2966 sequitur,
1770 2889 1844 2952 eiua
1863 2909 2016 2971 pronun·

241 2974 338 3034 tiatio
361 2972 622 3053 geminationem
645 2971 754 3049 prodit
777 2972 819 3046 (0.
845 2985 894 3048 18,
917 2993 946 3039 o.
972 2973 1013 3046 d.,
1036 2994 1057 3052 4
1079 2987 1112 3036 et
1134 2980 1188 3054 5.).
1901 2971 1906 2977 ’

1028 3080 1036 3103 1

345 3127 386 3215 a)
423 3119 643 3190 Geminatio
676 3143 767 3190 vero
802 3123 1018 3194 litterarum
1047 3126 1171 3196 varias
1204 3130 1253 3198 ob
1283 3155 1434 3203 caussas
1462 3133 1687 3228 adhibetur,
1722 3141 1855 3234 itaque
1881 3141 2036 3215 vasisse

243 3262 401 3336 quoque
428 3237 577 3330 species
601 3236 684 3304 eius
708 3260 728 3304 a
751 3240 1007 3333 grammaticis
1038 3224 1342 3338 distinguuntur.
1397 3252 1443 3318 In
1463 3225 1618 3342 Syriaco
1648 3279 1826 3326 sermone
1845 3256 2016 3355 vulgari,

77 3378 81 3385 ·
139 3431 142 3442 ,
240 3357 451 3453 praecipue
471 3350 573 3443 apud
591 3350 795 3422 orientales
808 3357 1006 3465 Syrorum,
1027 3383 1101 3431 non
1120 3358 1319 3454 euphoniae
1339 3365 1403 3434 sed
1423 3370 1670 3468 etymologiae
1686 3373 2016 3445 servandoecau‘t·

165 3490 168 3497 ·
242 3497 284 3542 sa
313 3468 351 3540 et
376 3473 416 3538 in
432 3469 565 3538 formis
581 3470 778 3538 nonnullis
799 3489 957 3542 naturae
979 3475 1204 3545 indicandae
1222 3483 1343 3572 gretia
1363 3483 1513 3552 litterae
1536 3488 1793 3579 geminantur.
1848 3490 1920 3585 list
1937 3470 2016 3589 igi·
2037 3572 2041 3577 .
2062 3572 2069 3579 ¹

240 3602 306 3654 tur
327 3584 536 3679 geminatio
566 3583 669 3671 apud
689 3585 803 3673 Syros
834 3603 899 3653 aut
925 3594 1197 3682 corripensotivo
1226 3608 1293 3660 aut
1323 3597 1629 3674 characteristico.
1681 3603 1895 3694 Utriusque
1913 3626 2014 3685 nro
2086 3669 2091 3679 .

168 3790 177 3815 ⁸
243 3716 421 3769 naturam
449 3713 488 3765 et
505 3718 617 3762 usum
637 3696 749 3766 docet
767 3700 942 3794 analogia
959 3705 1170 3776 Hebraicae
1186 3705 1362 3800 linguae,
1392 3718 1493 3782 unde
1514 3719 1799 3806 compensativa
1821 3717 1863 3787 in
1884 3720 2015 3793 verbis

240 3825 324 3924 Q,
350 3827 416 3895 ’ζῶ
428 3827 467 3882 et
483 3812 541 3897 ”a
557 3811 764 3906 praecipue
782 3815 986 3907 reperitur,
1006 3834 1049 3888 ut
1059 3821 1164 3929 ,0521
1176 3822 1291 3918 eppulr
1310 3822 1503 3917 proffl'mt
1520 3830 1637 3926 enpult
1650 3835 1810 3926 (exibo),
1828 3818 2015 3921 oiltedde
2053 3894 2060 3903 .

308 4144 339 4209 3)
357 4144 570 4235 Gramm38yr.
588 4164 615 4214 p.
634 4154 677 4214 48.
1167 4156 1307 4208 Elementa
1337 4158 1469 4209 tramete.
1498 4159 1607 4227 linguae
1634 4162 1677 4215 ed.
1711 4162 1884 4219 Olerlsr'tnsr.
1908 4140 2014 4238 pne,

308 4227 338 4288 4)
369 4222 451 4273 Solam
475 4223 604 4278 litteram
632 4229 722 4279 Amlre
749 4225 891 4278 Italorum
918 4245 1000 4282 more
1027 4250 1080 4300 per
1167 4239 1235 4308 Μ.
1254 4242 1291 4291 11.
1616 4249 1619 4253 ’

240 4308 281 4462 ppi
313 4305 529 4444 Geppppprpsp
560 4306 609 4359 sels
641 4309 821 4377 respondens
856 4311 976 4364 reddere
1004 4314 1080 4367 solet
1233 4325 1261 4390 7)
1280 4320 1447 4374 Handbuch
1467 4325 1520 4378 der
1538 4328 1626 4380 Hehr·
1645 4326 1705 4392 Syr·
1725 4327 1829 4384 Chald.
1840 4331 1929 4385 drab.
1944 4324 2020 4408 Spa,

306 4408 338 4543 Ξ)
366 4456 392 4523 t'
415 4467 506 4519 lahnit'
528 4468 602 4522 elem.
628 4470 693 4537 ling.
724 4475 813 4528 Aram.
833 4475 877 4527 ed.
903 4474 1076 4530 Oberleitner.
1165 4419 1183 4470 p
1216 4421 1273 4552 ²33
1295 4486 1510 4558 Philologische
1550 4489 1610 4541 und
1647 4489 1788 4549 kritieehe
1818 4497 2020 4568 Ρημρῃ..

239 4576 267 4627 p·
288 4565 327 4616 18·
585 4586 588 4593 ·
1162 4584 1187 4633 4.
1207 4567 1287 4620 Helt.
1322 4570 1428 4621 Caesel.
1451 4574 1525 4641 1786.
1543 4587 1622 4639 p-rg
1641 4583 1669 4625 et
1688 4594 1728 4643 ²4·

307 4640 339 4708 6)
362 4637 564 4696 Aramaeitche
594 4636 777 4708 Sprachlehr.
805 4659 833 4713 p.
865 4643 987 4716 rptcir.
1020 4647 1076 4699 eius
1229 4653 1260 4721 9)
1277 4651 1352 4704 nist
1372 4653 1487 4706 Orient.
1505 4653 1540 4704 T.
1560 4654 1586 4709 1.
1603 4673 1631 4725 p.
1654 4674 1694 4727 ¹5·
