4530 5544
241 376 316 466 116
494 370 570 434 Lib.
592 369 617 433 1.
641 367 721 451 Cep.
743 369 772 432 1.
815 367 872 432 De
892 382 984 432 recte
1004 367 1178 432 scribendi
1200 382 1234 431 et
1254 368 1503 457 pronuntiandi
1528 366 1744 469 rudimentis.

243 583 342 654 quae
367 555 534 644 indicat,
563 556 732 625 litteram
761 553 829 623 tali
853 554 965 651 signo
993 555 1169 624 affectam
1194 575 1275 621 non
1301 550 1649 643 pronuntiandam,
1681 567 1727 622 ut
1748 532 1796 643 is'l
1814 573 1862 623 no
1884 552 2010 646 (ego),

98 720 101 727 ·
204 678 207 683 ’
239 668 351 786 liupo
377 689 515 763 medita
535 690 680 780 (urbs),
706 667 771 778 220'
799 684 889 759 betis
924 684 1034 778 (filie)
1060 688 1106 776 ¹).
1180 680 1253 754 lias
1282 697 1412 756 autem
1435 683 1604 775 litteras,
1644 708 1746 787 quac
1775 704 2014 775 quamquam

241 806 446 875 scribendo
476 798 768 898 expriinun'tur,
794 804 836 874 in
862 801 1181 895 pronuntiatione
1202 820 1361 893 prorsus
1388 801 1663 898 negliguntur,
1692 801 1869 874 occultari
1888 822 2023 896 gram·-

240 923 372 993 mctici
399 922 556 1009 dicunt,
583 921 616 988 si
645 921 687 988 in
714 918 833 989 huius
860 919 918 988 rei
945 917 1131 987 indicium
1160 939 1181 985 a
1207 916 1372 1016 librariis
1394 920 1609 989 accuratius
1629 919 1889 1001 scribentibus
1908 914 2018 984 linea

243 1040 310 1108 illa
340 1038 535 1108 occultans
564 1033 730 1106 additur.
783 1038 956 1128 Quarum
980 1055 1144 1103 numero
1161 1054 1260 1121 quae
1285 1050 1563 1103 accenseantur
1581 1035 1733 1104 litterae
1753 1050 1792 1104 et
1811 1034 1954 1125 quibus
1975 1030 2018 1099 in

243 1155 404 1225 vocibus
442 1152 514 1219 hac
551 1151 786 1241 proprietate
822 1166 1000 1238 utantur,
1034 1148 1134 1217 inira
1161 1148 1417 1218 illustrabitur
1446 1149 1500 1243 (ἕ.
1527 1155 1617 1242 aa).
1678 1153 1735 1221 Ab
1767 1150 1827 1220 his
1859 1147 2019 1251 litteris,

247 1294 345 1362 quae
382 1268 663 1342 occultationem
698 1268 890 1344 subeunt,
928 1267 1099 1352 litteras,
1137 1287 1237 1354 quae
1263 1265 1470 1356 quiescunt
1497 1283 1535 1336 et
1567 1269 1674 1358 illas,
1710 1291 1808 1361 quae
1836 1250 2019 1354 otiantur,

248 1403 462 1497 distinguas
491 1422 651 1469 necesse
674 1412 752 1483 est,
780 1374 879 1493 quies
897 1400 1001 1469 enim
1022 1412 1060 1468 et
1075 1380 1195 1470 otium
1215 1399 1261 1468 ad
1279 1415 1357 1469 tres
1377 1412 1528 1469 tantum
1547 1399 1696 1471 litteras
1711 1441 1736 1467 e
1762 1425 1781 1468 o
1808 1401 1820 1475 l
1847 1400 2022 1494 pertinet

73 1578 78 1585 -
128 1590 133 1599 .
247 1536 408 1630 (Mt),
438 1532 635 1606 occultatio
653 1547 780 1600 autem
799 1536 1207 1625 praeteriet-setiam
1225 1533 1358 1604 multis
1377 1530 1462 1599 aliis
1481 1533 1677 1603 convenit.
1728 1560 1745 1619 j

295 1703 298 1707 '
381 1701 427 1751 De
444 1661 565 1750 notione
586 1697 683 1764 quietis
700 1707 731 1750 et
748 1699 797 1750 otii
814 1699 870 1753 cfr.
889 1700 914 1769 ς.
933 1716 975 1769 3¹·

348 1839 388 1929 a)
415 1836 462 1904 In
490 1833 648 1937 exoticis
679 1837 836 1926 quidem
867 1838 1050 1926 vocibus,
1079 1859 1240 1928 querum
1260 1835 1388 1904 littera
1408 1833 1536 1927 eliqua
1555 1836 1809 1933 geminanda,
1837 1837 2024 1907 nonnulli

246 1955 347 2027 hanc
372 1955 485 2024 etiem
505 1951 659 2044 Syriace
683 1953 742 2023 bis
770 1955 944 2025 scribunt
965 1952 1018 2048 (ς.
1041 1977 1096 2042 17·
1114 1959 1174 2047 5),
1198 1953 1267 2022 aed
1293 1953 1456 2022 fortasse
1486 1948 1562 2020 una
1584 1953 1712 2022 littera
1739 1952 1919 2023 etiamin
1943 1956 2021 2029 illis

247 2071 432 2162 exemplis
459 2069 562 2137 linea
590 2069 810 2139 occultante
830 2069 996 2142 notanda
1019 2086 1087 2140 aut
1105 2084 1208 2140 certe
1226 2069 1266 2138 iu
1283 2068 1603 2169 pronuntiatione
1620 2076 1782 2162 prorsus
1802 2070 2018 2142 omittenda

199 2182 201 2186 Α
243 2204 327 2277 est,
355 2188 563 2281 praecipue
597 2208 684 2253 cum
710 2188 750 2254 in
781 2189 864 2256 aliis
888 2186 995 2256 libris
1016 2186 1169 2255 easdem
1191 2205 1304 2252 voces
1326 2207 1412 2252 curn
1431 2185 1596 2277 simplici
1614 2201 1762 2255 tantum
1778 2186 1910 2259 littere
1927 2188 2021 2257 scri·
2074 2226 2077 2231 ·

246 2337 332 2417 ptas
350 2318 616 2407 inveniemus,
643 2331 687 2386 ut
703 2294 921 2419 undaeque}
936 2343 1007 2410 pro
1023 2293 1219 2416 42de
1237 2317 1413 2400 Φίλιππος.
1467 2319 1578 2388 Unde
1596 2322 1607 2394 l
1623 2318 1909 2411 prostheticurn
1927 2344 2025 2415 quo·

250 2460 327 2529 que
352 2434 477 2506 vocali
512 2430 739 2502 destitutum
769 2434 809 2502 in
834 2434 992 2502 vocibus
1015 2434 1192 2522 Graecis,
1222 2457 1315 2525 quas
1333 2435 1418 2527 Syri
1446 2451 1695 2527 receperunt,
1730 2436 1771 2504 in
1795 2438 2025 2531 pronuntia·

248 2555 358 2625 tione
380 2551 623 2638 occultatur,
656 2550 727 2620 etsi
744 2550 846 2618 linea
863 2550 1060 2620 occultans
1081 2573 1159 2619 non
1179 2551 1381 2621 subiicitur
1401 2554 1454 2647 (ᾗ.
1480 2572 1541 2639 27,
1568 2573 1601 2621 c.
1625 2555 1685 2642 a).
2039 2556 2042 2562 '

338 2717 426 2781 Cum
456 2717 665 2796 grammatici
695 2736 811 2779 omnes
841 2737 960 2792 voces,
990 2719 1028 2778 in
1051 2715 1171 2797 quibus
1192 2717 1301 2777 littera
1323 2718 1433 2808 aliqua
1455 2719 1658 2794 occultetur,
1682 2718 1860 2800 diligenter
1880 2707 2028 2805 college·¹
2078 2736 2081 2740 '

247 2820 337 2892 rint,
367 2818 404 2878 in
435 2815 639 2878 editionibus
668 2818 820 2897 plurimis
849 2831 883 2877 et
911 2820 947 2877 in
978 2816 1146 2876 codicibus
1176 2818 1405 2896 manuscriptis
1435 2817 1525 2879 linea
1554 2821 1613 2880 illa
1635 2820 1821 2897 omittitur,
1853 2836 2029 2906 tamquam

248 2918 383 3000 linguae
402 2915 511 2995 perito
535 2934 605 2975 non
627 2915 721 2975 valde
743 2917 936 2979 necessaria.

316 3016 425 3076 ,Cum
456 3014 547 3088 aliis,
578 3034 660 3097 quae
682 3016 803 3076 litteris
826 3028 1054 3097 apponuntur,
1076 3012 1177 3077 lineis
1197 3029 1236 3076 ut
1260 3012 1464 3098 Mehagjono
1488 3019 1527 3097 (§.
1553 3023 1603 3099 ¹9)
1626 3018 1711 3085 haec
1731 3040 1801 3084 non
1825 3022 1923 3087 facile
1947 3044 2030 3105 cong

249 3116 421 3190 funditur,
457 3130 534 3176 cum
560 3118 733 3197 utriusque
761 3115 872 3177 lineae
903 3117 947 3176 vis
975 3135 1109 3197 prorsus
1139 3116 1183 3175 ait
1204 3112 1333 3181 diversa
1354 3132 1386 3179 et
1407 3120 1496 3183 linea
1519 3122 1687 3182 occultans
1708 3122 1748 3183 in
1769 3125 1868 3186 certis
1888 3102 2029 3189 tentum

251 3215 388 3281 vocibm
412 3216 454 3294 (0.
476 3220 531 3294 27)
553 3210 760 3277 adhibeatur.

336 3317 461 3381 Annon
507 3316 610 3378 Multi
636 3318 866 3398 grammatici,
899 3319 989 3381 inter
1019 3336 1101 3400 quos
1133 3319 1233 3379 etiam
1262 3318 1384 3381 Amira
1421 3333 1453 3382 et
1490 3336 1629 3404 uterque
1660 3325 1861 3398 Michaelis,
1894 3300 2029 3389 linem

252 3408 474 3486 occultantem
499 3417 541 3480 ad
562 3419 643 3479 elios
666 3440 796 3503 quoque
819 3418 903 3481 fines
925 3432 1113 3500 usurpatam
1138 3442 1211 3482 esse
1228 3423 1342 3492 aiunt;
1365 3424 1434 3481 iam
1456 3443 1533 3481 vero
1558 3446 1597 3485 ex
1618 3426 1709 3486 illius
1730 3416 1892 3500 nomine,
1916 3406 2029 3491 solem

255 3521 443 3583 occultandi
472 3521 540 3579 vim
572 3522 603 3580 ei
636 3538 725 3591 esse,
756 3539 913 3599 apparere
937 3519 1075 3579 videtur.
1121 3520 1221 3599 Quod
1244 3522 1275 3581 ei
1300 3537 1428 3602 praeter
1448 3523 1541 3583 illam
1565 3528 1735 3606 proprium
1758 3527 1863 3588 luisse
1884 3512 2035 3593 conten·

254 3618 354 3696 dunt,
375 3619 411 3678 id
433 3620 491 3679 alii
514 3619 554 3678 ab
576 3617 639 3677 hac
661 3620 751 3677 linea
777 3620 923 3679 diversae
947 3616 1136 3694 tribuimus,
1160 3640 1258 3699 quam
1281 3623 1405 3683 lineam
1426 3627 1645 3686 diacriticam
1666 3627 1881 3693 nominamur
1903 3632 2029 3713 (Mli-

1059 3785 1098 3880 §-
1154 3808 1214 3856 ω.

891 3910 1047 3970 Linea
1083 3920 1385 3974 diceritica.

360 4046 395 4131 1)
423 4044 580 4109 Praeter
605 4037 726 4105 lineas
755 4038 829 4107 iam
857 4056 1176 4110 commemoratas
1206 4058 1245 4111 et
1273 4043 1378 4129 illas,
1408 4066 1505 4134 quae
1535 4045 1673 4114 litteris
1692 4070 1898 4121 numerum
1923 4054 2093 4141 indi-3

257 4157 431 4225 cantibus
457 4156 510 4245 (g.
528 4167 563 4239 8,
590 4178 619 4224 ι.
639 4156 691 4242 c.)
720 4170 990 4242 apponuntur,
1019 4158 1103 4244 Syri
1127 4159 1220 4225 elias
1247 4180 1404 4248 quoque
1433 4159 1587 4228 habent.
1642 4164 1792 4256 Quibus
1822 4190 1910 4237 cum
1939 4169 2030 4260 iere

257 4272 390 4343 eadem
425 4283 527 4334 esset
557 4269 701 4360 ligure,
739 4291 781 4336 ac
818 4266 943 4333 lineae
978 4271 1187 4337 occultanti
1220 4287 1287 4339 aut
1314 4273 1547 4345 Marhetono
1572 4291 1610 4345 et
1637 4280 1878 4376 Mehagjono
1907 4285 2029 4357 lineis

261 4441 606 4474 -—-
1944 4416 1973 4473 1

326 4557 352 4620 ι)
379 4547 522 4604 Nonnulli
548 4548 627 4599 leenc
651 4555 754 4600 notem
779 4546 971 4641 nominarunt
995 4549 1096 4603 lineam
1180 4566 1245 4618 ree,
1281 4570 1357 4623 qrree
1391 4557 1581 4610 occultentur
1607 4558 1646 4626 (ς.
1672 4558 1745 4632 ῃ),
1779 4571 1810 4617 ,ς
1829 4566 1911 4636 ’ω’
1945 4584 2029 4641 ῃ..

257 4636 321 4703 etii,
349 4635 428 4706 quod
452 4632 537 4686 nobie
561 4632 659 4686 miuus
682 4630 797 4702 placet,
826 4645 896 4700 qure
923 4632 1000 4685 inter
1016 4632 1091 4684 litte·
1179 4637 1309 4691 otientur
1326 4640 1365 4708 (s.
1383 4641 1447 4709 32),
1475 4640 1634 4694 discrimen
1652 4643 1821 4701 intercedit.
1886 4708 1894 4717 ι
1996 4706 2010 4713 -
