4530 5544
725 417 873 497 ··.-,ξω
898 414 1271 496 fenestrasque
1296 416 1497 477 mutatio
1544 412 1555 461 Ἀ
1791 411 1865 465 ·ῗ··
1940 419 2015 499 149

243 580 353 672 nari,
376 607 464 655 cum
483 558 1464 695 prol'thetbb’eumbrerieetiecribantur(§.
1484 600 1545 669 31,
1567 586 1630 674 a).
1685 553 1920 675 Plerumque
1946 609 2012 658 au·

243 715 323 769 tem
344 702 488 811 syllaba
508 728 583 776 nno
603 719 773 789 tentum,
787 664 995 771 interdurn
1014 702 1172 800 duabus,
1198 720 1399 789 nunquam
1414 713 1544 767 tamen
1564 700 1772 791 pluribus
1763 702 1900 795 incipit
1917 726 2011 777 con·

244 822 493 922 sonantibus,
536 852 577 904 ut
611 819 807 930 ,Sim
795 858 832 902 m
862 822 967 932 rege,
1004 812 1149 923 ltiblut
1171 838 1300 919 timor,
1335 822 1402 919 lb?
1432 827 1627 931 interfecit.
1691 832 1821 902 llos
1812 859 1851 903 rn
1878 853 2012 909 caussa

245 962 318 1036 est,
332 948 436 1040 quod
457 952 616 1020 exoticis
634 950 856 1037 vocibus,
826 973 856 1018 sr
880 964 976 1040 qnae
996 948 1172 1039 pluribus
1192 949 1493 1018 consonantibus
1516 949 1744 1039 incipientes
1763 949 2010 1043 inSyriacum'

244 1086 463 1135 sermonem
480 1066 744 1160 recipiuntur,
774 1064 861 1137 Oiai
877 1065 1114 1157 prosthetrce
1134 1064 1385 1160 praeponitur
1409 1064 1461 1158 (5.
1483 1084 1579 1152 29,r
1589 1069 1627 1153 ..y
1667 1063 1831 1194 Syllaba
1852 1090 2008 1159 quoque

244 1217 342 1284 una,
368 1222 526 1289 perraro
547 1199 718 1286 duabus
744 1197 880 1266 finitur
905 1198 1107 1309 consonis,
1137 1212 1179 1263 ut
1205 1206 1298 1263 mul
1334 1200 1573 1290 principium,
1600 1173 1677 1274 lule·
1704 1200 1803 1295 nois,
1831 1199 1969 1272 ΝΟ
1957 1227 2010 1271 m·

244 1324 440 1429 terseristi,
467 1332 536 1402 ,Μ
564 1348 616 1401 tn.
689 1331 851 1397 Duabus
886 1330 1189 1399 consonantibus
1218 1329 1298 1396 iere
1324 1330 1451 1397 nullae
1481 1330 1737 1396 terminantur
1763 1353 1898 1417 voces,
1935 1333 2010 1401 nisi

242 1445 355 1535 illae,
385 1471 483 1538 quae
516 1449 557 1515 in
585 1448 663 1515 fine
690 1444 899 1514 otiantibus
926 1459 1089 1513 utuntur
1106 1443 1243 1512 litteris
1263 1458 1299 1512 et
1319 1442 1464 1514 formae
1483 1466 1503 1515 a
1520 1466 1708 1538 personae
1729 1444 1770 1511 in
1786 1446 2007 1516 Praeteritis

243 1578 465 1647 verborum.
518 1581 605 1648 Huc
628 1576 830 1670 pertinent
851 1558 1089 1679 lrdfdia,
1056 1565 1118 1656 tto}
1147 1601 1260 1664 curre,
1285 1576 1487 1670 inquibus
1512 1599 1726 1695 consonans
1755 1579 1767 1639 ὅ
1795 1579 2010 1649 occultatur

244 1691 299 1787 (ὃ.
330 1714 391 1781 27,
420 1713 455 1782 4.
481 1698 553 1784 c),
592 1708 630 1763 et
659 1692 847 1761 nonnulla
870 1693 955 1761 alia.

347 1811 387 1902 5)
416 1811 682 1881 Hebraeorum
708 1821 750 1875 'et
770 1804 1050 1878 Chaldaeorum
1079 1808 1239 1903 vestigia
1270 1808 1309 1877 in
1333 1808 1561 1880 deliniendis
1582 1833 1721 1880 vocum
1748 1809 1901 1900 syllabis
1925 1810 2009 1901 Syri

245 1941 481 2018 presserunt.
534 1926 645 1994 Unde
672 1945 830 1991 vacuam
859 1923 1026 1992 litteram
1049 1940 1139 2016 post
1160 1926 1316 1992 brevem
1345 1926 1516 1995 vocalem
1540 1948 1626 1995 cum
1654 1924 1908 2016 praecedente
1934 1925 2009 2017 syl-

245 2044 351 2129 laba,
390 2055 542 2132 etpost
570 2040 853 2136 diphthongum
881 2058 1055 2132 semper,
1090 2055 1180 2131 post
1202 2040 1358 2135 longam
1383 2045 1554 2111 vocalem
1579 2043 1806 2133 plerumque
1835 2064 1923 2111 cum
1952 2065 2010 2110 sa-

246 2174 390 2259 quente
410 2158 665 2252 coniungunt.
719 2155 764 2236 ¹Si
784 2155 884 2241 duae
906 2155 1058 2226 litterae
1085 2157 1280 2225 vocalibus
1307 2157 1513 2229 destitutae
1539 2172 1650 2243 sunt,
1693 2157 1799 2246 prior
1826 2156 1873 2226 ad
1899 2180 2008 2248 prae-

246 2275 469 2361 cedentem,
506 2272 697 2364 posterior
731 2271 778 2339 ad
805 2285 1032 2363 sequentem
1056 2271 1226 2362 pertinet
1250 2272 1429 2363 syllabam
1441 2299 1453 2355 ;
1485 2295 1671 2364 quaeres
1700 2292 1749 2337 ne
1775 2295 1822 2340 eo
1852 2271 2008 2363 quidem

245 2420 440 2494 mutatur,
469 2402 572 2495 quod
590 2404 732 2496 syllaba
748 2401 983 2496 praecedens
1000 2401 1116 2497 longa
1142 2401 1265 2471 utitur
1288 2403 1411 2471 vocali
1437 2418 1481 2471 ut
1509 2382 1647 2507 idolicis
1675 2401 1855 2478 bur-ibbo
1876 2406 2010 2497 (bene-

245 2524 391 2612 dictio),
410 2520 477 2591 ubi
494 2519 638 2611 syllaba
656 2520 867 2611 composita
885 2517 953 2588 bur
968 2540 1057 2587 cum
1072 2519 1190 2613 longa
1207 2515 1331 2587 vocali
1344 2517 1524 2586 notanda.

735 2686 799 2758 lv.
861 2682 1029 2759 Tenus
1057 2689 1266 2782 eiusque
1292 2688 1522 2756 mutatio.

1067 2800 1105 2895 §-
1132 2820 1193 2890 sa·

347 2921 521 3017 Linguae
544 2931 721 3009 mortuae
747 2933 863 2988 tonus
891 2939 978 2986 cum
1008 2916 1153 3009 duplici
1168 2929 1319 2984 tantum
1338 2912 1455 2983 modo
1476 2917 1596 3005 possit
1618 2916 1783 3007 deliniri,
1803 2933 1869 2989 aut
1888 2919 2008 3016 siguis

249 3062 337 3109 eum
365 3036 643 3119 indicantibus,
680 3047 747 3101 aut
772 3033 1292 3128 grammaticorumregulis,
1326 3031 1566 3126 dumlingua
1588 3032 1773 3120 florebat,
1797 3037 2007 3104 memoriae

246 3152 409 3236 traditis,
438 3149 626 3240 deSyriee
646 3148 803 3241 linguae
820 3163 915 3215 tono
934 3148 1032 3215 oerti
1050 3149 1255 3239 quicquam
1272 3168 1425 3237 nequeo
1446 3133 1599 3217 docere.
1652 3150 1804 3241 Etenim
1824 3152 2010 3242 antiquis·

248 3268 336 3337 simi
369 3262 607 3360 grammatici
633 3262 740 3352 Syria
764 3262 847 3353 ipsa
872 3260 1027 3332 oriundi
1054 3262 1155 3341 hanc
1178 3285 1258 3331 rem
1286 3262 1444 3330 omnino
1472 3262 1835 3354 praetermiserunt,
1879 3266 1931 3334 ira
1965 3283 2009 3335 ut

247 3403 377 3472 neque
397 3378 616 3449 Maronitas
637 3397 764 3468 neque
792 3376 995 3467 quisquam
1012 3398 1162 3463 eorum,
1181 3375 1321 3467 quibus
1340 3375 1506 3471 contigit
1524 3376 1626 3467 Syris
1645 3378 1797 3446 institui
1816 3379 2009 3473 magistris

248 3498 304 3594 (ς,
334 3513 369 3584 5,
393 3516 425 3564 ι.
446 3497 510 3585 u),
536 3516 618 3561 eam
647 3514 696 3559 ue
725 3491 843 3560 verbo
868 3490 1023 3582 quidem
1050 3491 1448 3561 commemoraverint.
1515 3491 1881 3564 Bnrlrebrneusvero
1903 3497 1936 3583 ¹)
1961 3497 2009 3565 da
2091 3556 2094 3561 .

249 3615 449 3697 rhetorico,
479 3609 545 3700 qui
562 3604 722 3695 dicitur,
750 3623 842 3677 tono
859 3607 1058 3698 praecepit
1075 3605 1123 3694 '),
1150 3606 1218 3677 sad
1231 3605 1326 3674 haec
1343 3623 1560 3676 memoratu
1576 3608 1751 3704 digniora
1771 3630 1851 3679 non
1868 3611 2010 3709 tetigit.

226 3734 386 3821 ,ltaque
419 3727 598 3801 Crinesius
617 3727 671 3816 ⁸),
713 3720 935 3810 Dilberrs),
972 3721 1058 3810 alii,
1093 3723 1359 3792 Hebraeorum
1392 3724 1751 3814 pronuntiationem
1781 3725 1823 3793 in
1847 3727 2011 3817 Syriacis

251 3866 417 3941 quoque.
439 3839 673 3931 sequendam
698 3840 811 3909 nimis
838 3854 985 3909 temere
1005 3837 1153 3937 opinati
1173 3826 1290 3906 sunt.¹
1327 3837 1481 3906 Etenim
1506 3837 1657 3907 dialecti
1677 3854 1861 3935 cognatae
1883 3844 2011 3912 analo-

249 3962 313 4061 gia
340 3970 443 4028 certa
466 3975 546 4023 non
570 3950 820 4022 constituitur
843 3953 1000 4046 regula3
1034 3952 1248 4041 eodemque
1267 3951 1350 4018 iure
1373 3949 1419 4017 ad
1437 3950 1634 4020 Arabicam
1652 3952 1857 4024 dialectum
1874 3976 2009 4046 posset

248 4073 457 4169 respicere.
517 4067 593 4138 alii
617 4087 709 4138 vero
720 4115 731 4156 ,
756 4067 941 4140 Ludooieo
958 4069 1002 4140 de
1016 4070 1117 4139 Dieu
1133 4078 1343 4158 praeeunte
1363 4061 1419 4153 ⁸),
1447 4064 1579 4135 nescio
1598 4088 1672 4158 qua
1689 4067 1763 4136 nisi
1780 4072 2009 4145 auctoritate

249 4195 382 4289 plures
409 4186 457 4255 de
484 4197 580 4252 touo
607 4182 758 4277 regulas
784 4195 1076 4277 proposuerunt
1093 4179 1148 4274 ⁶),
1186 4201 1279 4274 quas
1303 4179 1445 4276 igitur,
1485 4203 1704 4277 quanquam
1719 4207 1801 4256 non
1816 4189 2009 4287 probatae,

249 4301 413 4399 nequid
434 4297 693 4384 desideretur,
717 4296 903 4413 hocloco
922 4299 1055 4392 paucis
1073 4311 1250 4392 repetere
1265 4295 1389 4423 lubet⁸

268 4425 588 4464 ...·—

305 4475 1020 4553 *·ryernam.mnr.cm.ooetp.1ee-rs9y.
1078 4482 1082 4489 '
1177 4493 1184 4501 ·
1243 4477 1459 4545 el'hudimut.
1477 4490 1632 4553 mammet.
1651 4483 1714 4552 Syr.
1732 4501 1762 4553 p.
1780 4499 1823 4554 ¹5·

321 4597 350 4661 ,y
366 4569 521 4682 ,ξέοι-κς,
555 4559 680 4662 1Ᾰώζᾶ
715 4556 820 4645 ὥς,
858 4561 986 4656 iffi&
1011 4562 1090 4662 W
1224 4585 1289 4652 ¹³5)
1280 4586 1424 4643 Gremm.
1441 4589 1535 4660 liugg.
1555 4590 1672 4646 odentt.
1688 4588 1848 4646 hermonis·
1869 4610 1897 4663 p.
1916 4582 2010 4670 way.

255 4700 289 4752 δ.
307 4713 432 4749 mensure
449 4707 473 4745 et
491 4706 578 4744 terrore
596 4693 625 4743 in
643 4690 773 4742 trudonis
791 4689 911 4742 lectione.
1242 4692 1408 4756 modam.
1442 4696 1608 4750 nonnam.
1631 4713 1674 4767 gr
1690 4698 1753 4767 Syr.
1744 4718 1798 4771 ..p
1814 4717 1855 4772 ⁸3.
1871 4719 1925 4776 eq..
1945 4707 2014 4761 Hoe-

256 4809 258 4812 >
323 4776 510 4861 peynmes.
531 4773 639 4842 Syriae.
658 4770 722 4828 Lib.
739 4773 763 4826 1.
782 4784 845 4843 etp.
863 4773 912 4826 vt.
1176 4775 1270 4901 ringer.
1296 4775 1462 4831 noemam.
1487 4794 1611 4849 gramm.
1632 4780 1764 4839 hmo»,
1788 4803 1818 4856 p.
1836 4786 1899 4858 ab,
1925 4788 2013 4868 bue·

772 4944 794 4987 δ

748 5134 757 5165 Ι
