4530 5544
782 445 922 537 11111.
947 472 1026 555 cap.
1049 434 1108 535 111.
1152 470 1215 533 ne
1241 470 1430 534 o‘omtne.

1055 730 1104 824 i.
1126 749 1186 818 ae

664 861 857 917 Nominum
881 858 1088 915 declinatio
1113 862 1151 913 in
1175 858 1382 913 universum
1407 870 1584 925 spectato:

325 985 527 1069 Praecipuae
551 984 790 1045 declinationis
812 976 1025 1043 difficultates
1046 984 1084 1041 in
1107 981 1270 1042 vocalium
1292 980 1534 1040 mutationibus
1558 986 1749 1043 versanturr
1776 990 1920 1055 quarum
1942 972 2007 1055 plu·

215 1072 292 1151 ‘res
320 1074 864 1167 regulish'5'14-—57'pro'positis
895 1081 1119 1155 definiuntur,
1151 1080 1336 1142 nonnullae
1367 1102 1441 1143 vero
1465 1078 1591 1160 aliquid
1614 1075 1856 1155 singularitatis
1878 1070 2006 1133 habeat.

238 1190 282 1257 In
321 1185 443 1255 tabulis
481 1172 679 1247 adornandis
710 1204 779 1245 non
811 1185 920 1243 solum
951 1183 1136 1245 masculina
1167 1196 1198 1242 et
1229 1181 1398 1243 feminina
1427 1182 1591 1261 separavi,
1627 1177 1684 1238 sed
1712 1177 1815 1235 etiam
1846 1172 2009 1253 duplicem

238 1286 506 1353 masculinorum
528 1285 666 1360 classem
687 1285 890 1345 constituere
912 1282 1054 1365 placuit,
1083 1295 1114 1342 et
1138 1285 1300 1363 sagulatis
1321 1280 1495 1353 Hebraicis
1516 1278 1792 1361 respondentium
1814 1286 1850 1334 et
1869 1274 2009 1355 reliquo·

213 1368 327 1473 'pum
373 1374 482 1467 Quam
512 1386 648 1467 quidem
679 1385 929 1453 distinctionem
958 1385 1051 1445 nullo
1083 1385 1186 1445 modo
1214 1383 1424 1445 arbitrariam
1454 1381 1591 1448 dixerim
1621 1396 1703 1439 nam
1730 1378 1847 1437 omnia
1866 1372 2009 1443 nomina,

240 1504 326 1569 quae
363 1488 530 1566 sagulatis
558 1486 732 1547 Hebraicis
770 1488 978 1565 conspirant,
1017 1484 1182 1565 peculiari
1218 1484 1384 1545 vocalium
1413 1482 1598 1543 mutatione
1634 1476 1780 1557 gaudent
1809 1474 1852 1537 ah
1880 1472 2010 1555 reliquis

175 1602 181 1615 ¹
232 1574 434 1647 'masculinis
465 1608 535 1648 non
563 1603 707 1669 recepta.
750 1586 889 1646 Praeter
920 1586 1024 1643 varios
1054 1586 1202 1645 nominis
1233 1598 1334 1646 status
1362 1584 1434 1644 eius
1457 1582 1650 1642 coniunctio
1675 1598 1753 1640 cum
1777 1575 1907 1639 suffixit
1930 1594 2013 1637 com·

242 1699 471 1759 memoratum
502 1706 579 1747 cum
602 1708 680 1747 sero
704 1686 820 1745 suffixa
846 1704 859 1745 1
888 1685 998 1763 Sing.,
1032 1704 1052 1745 a
1077 1697 1109 1743 et
1129 1704 1150 1760 5
1173 1703 1217 1743 m.
1241 1698 1275 1743 et
1296 1686 1317 1743 i
1340 1685 1448 1757 Plan,
1478 1680 1518 1741 ad
1539 1700 1664 1741 nomen
1687 1680 1865 1761 singularis
1885 1676 2014 1739 numeri

244 1786 436 1847 accedentia
464 1805 560 1865 saepe
590 1787 692 1847 aliam
721 1786 885 1847 vocalium
915 1786 1116 1863 positionem
1144 1784 1331 1865 postulent,
1353 1804 1403 1851 ,ac
1422 1794 1533 1843 cetera
1555 1782 1691 1851 cuffiam
1718 1783 1757 1841 in
1778 1780 1874 1859 Sing.
1895 1776 2014 1857 duplex

244 1888 438 1959 nominum,
462 1886 588 1947 sullixis
611 1900 798 1959 auctorum,
821 1883 998 1945 exhibetur
1019 1885 1144 1955 forma,
1166 1887 1206 1945 in
1227 1884 1319 1943 Plur.
1344 1904 1438 1957 vero,
1460 1882 1521 1941 ubi
1542 1881 1608 1941 tale
1629 1882 1810 1941 discrimen
1834 1898 1906 1939 nou
1926 1896 2015 1957 repe·

244 1986 346 2057 ritur,
377 2006 445 2045 uua
466 1986 639 2065 videbatur
661 1986 855 2046 satisfacere.
901 1984 953 2043 Ad
974 1983 1166 2064 paradigma
1187 1985 1366 2045 nominum
1387 1983 1650 2044 masculinorum
1673 1984 1774 2042 etiam
1796 2002 1836 2043 ea
1857 1980 2017 2041 feminina

247 2096 283 2143 et
314 2084 505 2145 communia
534 2088 738 2159 formantur,
773 2094 857 2167 quae
887 2084 1054 2145 feminina
1083 2098 1198 2145 carent
1226 2086 1481 2151 taminationer
1513 2095 1547 2142 at
1574 2084 1614 2142 iu
1636 2082 1727 2143 Plur.
1757 2094 1919 2163 tanquam
1940 2082 2014 2143 iem.

246 2195 283 2243 et
313 2187 507 2245 communia
537 2186 732 2247 flectuntur.
778 2185 866 2245 Cum
900 2203 975 2243 sero
1006 2202 1076 2245 non
1109 2184 1276 2245 sufficiant
1309 2184 1442 2245 tabulae
1473 2184 1751 2259 declinationum,
1783 2202 1903 2245 earum
1925 2200 2016 2263 capo·
2066 2216 2073 2223 -

248 2282 407 2345 titionem
440 2286 602 2346 fusiorem
625 2291 655 2359 o.
679 2300 730 2365 95.
754 2287 915 2345 invenies.
961 2284 1114 2345 Metione
1141 2305 1220 2345 vero
1239 2286 1388 2346 nominis
1412 2288 1455 2359 (b.
1479 2286 1547 2360 96.)
1568 2284 1732 2343 illustrata
1752 2284 1873 2347 eadam
1893 2284 2016 2367 radone
2046 2270 2049 2277 ¹

248 2382 494 2471 femininorum
524 2383 785 2447 declinationem
814 2399 847 2447 et
874 2383 986 2444 tabula
1013 2398 1048 2467 et
1078 2384 1349 2447 annotationibus
1369 2385 1560 2445 necessariis
1582 2390 1626 2461 (b.
1647 2387 1715 2465 97.)
1737 2384 2014 2465 adumbrabimus.

1071 2538 1108 2635 S·
1135 2556 1197 2629 eo·
1905 2496 1911 2511 ι
2005 2500 2027 2541 ’

763 2670 955 2723 Nominum
979 2670 1268 2721 masculinorum
1292 2670 1512 2724 declinatio.

340 2786 550 2869 Quamquam
573 2807 656 2871 quaa
678 2810 709 2869 p.
732 2790 805 2850 1161.
828 2792 865 2850 in
895 2790 1122 2871 paradigmate
1151 2788 1369 2857 exhibentur,
1400 2809 1470 2849 nou
1502 2811 1541 2850 ex
1569 2789 1724 2866 arbitrio,
1758 2792 1816 2853 sed
1839 2796 2018 2857 secundum

253 2898 377 2947 certam
409 2910 547 2967 eamque
575 2890 677 2948 lixam
706 2890 815 2965 legem
844 2888 998 2967 disposita
1033 2910 1119 2963 esse,
1158 2891 1294 2968 quisque
1322 2894 1432 2971 primo
1464 2893 1581 2952 obtutu
1610 2892 1754 2969 videbit,
1783 2908 1896 2959 tamen
1924 2896 2018 2957 illam

120 3006 196 3029 ...a
210 3010 227 3025 ·⁴
249 2988 360 3061 legem
382 2986 540 3047 distincte
561 3006 784 3067 proponamus
812 3000 845 3045 et
866 2988 1071 3049 illustremus
1092 3008 1225 3049 necesse
1245 3001 1306 3050 est.
1349 2992 1425 3071 Qua
1445 2994 1483 3053 itt
1504 3012 1542 3051 re
1564 2996 1938 3079 perspicuitatisogratia
1953 2998 2020 3059 sitt-

251 3086 345 3163 gulas
369 3086 603 3167 paradigmatis
630 3100 757 3167 partes,
788 3085 897 3147 latinis
934 3094 1084 3152 numeris
1121 3090 1310 3163 distinctas,
1341 3094 1479 3154 seorsim
1508 3112 1704 3174 percensere
1731 3099 1897 3159 volumus.
1945 3098 2019 3165 Hoc

254 3186 346 3243 euim
385 3185 500 3254 modo,
538 3184 579 3246 ed
616 3206 796 3265 quamnam
834 3206 988 3250 normam
1024 3190 1162 3270 quodvis
1199 3208 1323 3251 nomen
1352 3194 1397 3253 tit
1428 3192 1648 3263 flectendum,
1679 3195 1811 3258 {acilius
1842 3212 1877 3261 et
1904 3198 2020 3263 melius

249 3294 362 3363 potest
398 3284 541 3346 definiri.
604 3288 641 3349 st
677 3307 751 3348 sero
791 3288 915 3375 alicubi
953 3291 1113 3370 quaedam
1149 3305 1300 3353 remanet
1335 3292 1534 3371 ambiguitas
1570 3308 1625 3353 aut
1662 3299 1851 3377 exemplum
1889 3318 1911 3361 a
1946 3320 2020 3365 tror-

252 3396 308 3445 ma
345 3384 543 3459 abhorrens,
587 3386 623 3447 id
651 3388 724 3447 noli
756 3390 889 3449 cuidam
919 3391 1109 3471 regularum
1139 3394 1371 3454 incertitudini
1399 3394 1566 3468 tribuere,
1600 3396 1656 3455 sed
1686 3398 1941 3479 exceptionibus
1970 3402 2020 3465 atl-

252 3500 426 3559 numeres,
457 3505 475 3545 e
498 3486 618 3565 quibus
639 3488 731 3547 nttlla
753 3490 822 3549 sere
844 3490 947 3549 libera
969 3511 1039 3551 esse
1060 3493 1143 3553 solet
1165 3494 1288 3572 regula.

256 3630 264 3651 ,
339 3586 364 3643 1.
395 3585 470 3643 lloc
498 3584 724 3663 paradigmate
754 3588 1009 3667 complectimur
1035 3610 1074 3651 ea
1102 3594 1242 3654 nomina
1272 3613 1341 3667 m.,
1376 3616 1460 3677 quae
1488 3597 1616 3658 nullam
1646 3599 1826 3663 admittant
1855 3608 2022 3671 vocaflum

253 3682 487 3779 mutationem.
535 3686 628 3743 llanc
651 3700 761 3745 autem
783 3692 934 3747 nominis
955 3688 1114 3761 indolem,
1138 3712 1216 3753 cum
1239 3694 1366 3755 vocales
1385 3696 1562 3777 Syrorum,
1584 3714 1714 3777 praeter
1729 3700 1901 3771 Pathoclto
1916 3710 2022 3773 etsie·

255 3782 353 3865 lufo,
384 3783 545 3861 ancipites
575 3774 658 3853 si'nt,
690 3803 785 3864 saepe
815 3786 1053 3849 difficillimum
1075 3806 1124 3851 est
1143 3792 1300 3875 indagare
1323 3798 1366 3867 (θ.
1393 3814 1441 3873 15,
1467 3818 1493 3859 1.
1516 3802 1571 3873 aa).
1617 3800 1828 3883 Quamquam
1852 3778 1949 3871 enim
1970 3828 2023 3871 ro·

249 3882 336 3943 'calis
360 3880 571 3961 homogenea
594 3884 781 3963 quiescibili
804 3886 987 3967 excipitur,
1007 3902 1120 3952 tamen
1142 3894 1230 3973 apud
1252 3896 1350 3974 Syros
1370 3884 1453 3977 pura
1475 3920 1546 3960 esse
1568 3914 1674 3981 potest
1696 3904 1736 3979 (θ.
1757 3898 2024 3985 55,'1.)'';'se10‘.

256 3990 289 4042 to
322 3996 436 4041 autern
464 3982 506 4043 ab
529 3986 624 4043 omui
645 3990 832 4048 mutatione
856 3986 1033 4051 abhorrere
1055 3994 1148 4054 solet.
1191 3996 1306 4077 larque
1329 3998 1370 4057 ad
1391 3998 1479 4059 lianc
1501 4019 1654 4062 normam
1674 4002 1795 4065 reseras
1816 4026 1847 4069 e.
1869 4026 1898 4071 c.
1922 4011 2024 4075 susm

252 4078 327 4163 eim
347 4102 478 4175 portio,
509 4082 592 4167 nio
629 4100 734 4173 liber,
775 4084 873 4171 ,οἷοὶ
908 4108 1029 4170 incolo.
1087 4110 1311 4187 Mutatioues,
1350 4134 1433 4193 quae
1469 4118 1625 4179 ultimam
1656 4124 1834 4204 praecipue
1861 4126 2023 4207 sylhbam

146 4260 150 4269 .
253 4210 422 4286 alliciunt,
452 4215 673 4292 penultimam
702 4238 771 4277 non
801 4220 898 4279 tacite
927 4223 1112 4309 attingunt,
1143 4229 1172 4287 si
1203 4228 1308 4288 vocali
1339 4242 1396 4289 aut
1425 4232 1632 4319 diphthongo
1665 4236 1800 4311 imitata
1834 4242 1874 4303 in
1903 4242 2025 4308 alfius

253 4346 332 4387 vero
362 4342 494 4407 praeter
524 4350 561 4401 o,
593 4349 688 4409 saepe
721 4336 822 4395 etiam
851 4358 873 4397 rt
901 4340 1032 4419 impura
1061 4355 1196 4421 putatur
1226 4342 1363 4419 vocalis,
1396 4358 1434 4405 nt
1462 4336 1555 4419 3352*
1583 4354 1707 4419 r‘ncola.
1746 4356 1799 4443 lit
1820 4360 2024 4443 ammessia
2073 4426 2075 4431 ,

254 4443 397 4523 quodam
426 4444 642 4505 fundamento
671 4451 736 4510 niti
757 4454 794 4512 iu
817 4456 1030 4527 horninibus,
1063 4459 1180 4538 quibus
1202 4461 1294 4522 nulla
1318 4462 1481 4525 vocalium
1505 4466 1624 4527 accidit
1645 4471 1804 4547 mutatio,
1832 4470 2024 4541 'namnum

254 4548 379 4603 t'ormas
410 4542 475 4603 huc
504 4545 707 4624 pertinentes
737 4554 919 4614 secundum
948 4574 1125 4617 numerum
1147 4566 1178 4635 ο.
1202 4572 1244 4639 3,-
1267 4562 1455 4623 adhibitum
1478 4571 1759 4635 commemorabo.
1804 4574 1945 4641 Scilicet
1963 4574 2022 4641 ne.

251 4662 281 4703 a.
311 4664 344 4720 5.
371 4664 402 4721 4.
436 4664 463 4719 f.
496 4662 545 4705 to.
581 4665 628 4707 11.
657 4669 705 4712 tr.
733 4672 780 4731 15·
807 4672 856 4733 15·
884 4658 931 4715 16.
958 4668 1006 4727 13.
1028 4674 1079 4719 ot.
1101 4676 1154 4718 ar.
1178 4678 1230 4737 24.
1255 4664 1297 4723 ati
1328 4666 1466 4725 omniuo
1498 4662 1580 4727 ltuic
1610 4690 1749 4733 normae
1775 4674 1912 4739 addicta·
1935 4694 2023 4757 suut,

249 4758 361 4823 neque
383 4758 473 4805 mter
500 4746 643 4827 reliquas
667 4751 789 4815 formas
813 4752 948 4831 desunt,
979 4776 1062 4837 quae
1086 4776 1160 4821 eam
1182 4776 1371 4841 sequantur.
1415 4764 1593 4849 Exempla,
1625 4778 1831 4855 cucumam
1855 4774 2022 4843 11111ιῆ-
