4476 5536
184 393 225 446 n
418 453 422 460 ,
763 367 1321 460 ,Ριιειιιια

118 570 122 586 '
181 570 674 669 praesagiebat'animus.'
712 575 806 674 Quo
833 567 1054 665 factoinde
1074 598 1123 646 ex
1142 572 1219 648 illo
1238 537 1423 674 tempor-e
1444 577 1731 675 grammaticae
1758 581 1838 654 soli
1864 566 1962 680 ope·

183 723 268 770 ram
297 723 429 771 meam
459 697 701 797 impendere
728 701 869 798 coepi,
904 701 1080 796 quaein
1108 703 1284 800 singulis
1313 707 1405 778 eius
1433 704 1624 804 partibus
1653 720 1724 777 aut
1750 690 1962 786 illustrari·
2000 718 2005 727 '
2035 688 2046 731 ²

184 825 234 901 da
266 843 306 899 et
333 825 574 926 exponenda
601 840 671 918 aut
697 824 929 924 supplenda
956 843 996 900 et
1020 829 1207 927 augenda
1237 854 1325 904 esse
1358 831 1633 927 videbantur,
1683 830 1870 932 undique
1896 835 1960 908 in·

160 940 345 1027 ‘defesso
372 954 511 1028 labore
539 975 736 1049 quaerens
766 955 875 1027 etin
905 934 1169 1030 collectiones
1197 955 1311 1032 liunc
1339 960 1384 1032 in
1413 955 1537 1032 finem
1558 960 1770 1032 institutas
1787 958 1961 1047 assidue
2012 1024 2022 1046 Ι

99 1120 102 1132 ⁷
182 1079 376 1183 condens.
431 1086 515 1154 Hac
533 1095 670 1154 autem
693 1103 737 1153 re
757 1080 852 1154 satis
871 1099 1092 1181 occupatus
1114 1085 1228 1158 Halis
1248 1090 1389 1159 Ienam
1404 1084 1557 1162 ductus
1577 1110 1670 1160 sum
1691 1113 1713 1158 a
1734 1085 1959 1184 providen·
2000 1090 2005 1111 '

45 1216 57 1229 '
182 1209 237 1282 tia
258 1207 517 1311 divinapubi
540 1223 677 1281 tamen
697 1209 961 1306 propositum
982 1212 1099 1284 nullo
1118 1227 1238 1311 pacto
1256 1212 1512 1307 abiiciebam,
1542 1212 1615 1286 sed
1630 1210 1744 1309 quod
1767 1208 1976 1288 muneris'
2071 1307 2073 1314 Α

79 1387 83 1396 ‚
183 1331 545 1413 meiofficia‘mihi
563 1332 854 1430 relinquebant
879 1337 969 1423 otii,
997 1363 1084 1412 non
1112 1340 1248 1412 solum
1271 1340 1324 1433 ad
1350 1342 1613 1428 collectiones
1642 1340 1859 1438 augendas,
1889 1339 1961 1414 sed
2025 1410 2029 1420 ,

183 1457 385 1553 etiamad
411 1460 756 1535 diiudicationem
781 1485 949 1555 eorum,
987 1454 1091 1560 {puae
1118 1465 1167 1537 ab
1196 1467 1286 1539 aliis
1315 1469 1590 1564 grammaticis
1619 1468 1812 1565 praestita
1832 1482 1957 1552 erant,

98 1581 99 1585 ¹
151 1616 155 1624 ·
181 1588 463 1664 adhibendum
481 1613 565 1690 esse
587 1585 697 1686 apud
714 1593 780 1660 me
801 1589 1116 1663 constituebam.
1147 1595 1259 1693 Quae
1277 1594 1415 1665 omnia
1428 1619 1523 1667 cum
1542 1590 1704 1695 facilem
1718 1608 1756 1664 et
1776 1617 1959 1667 commo·

172 1718 285 1792 ,dum
294 1715 401 1789 libro
422 1713 583 1788 edendo
599 1740 863 1814 progressum
883 1720 1196 1823 angilramnum,
1213 1734 1252 1791 et
1272 1722 1457 1817 exempla
1472 1722 1758 1821 grammaticae
1768 1725 1797 1793 I.
1808 1723 1859 1793 D.
1875 1720 1960 1794 Mi·

126 1867 146 1876 ··
182 1844 354 1928 chaelis,
383 1867 487 1939 quae
504 1841 804 1940 procul-dubio
826 1844 935 1916 inter
962 1868 1106 1935 omnes¹
1133 1847 1371 1946 principem
1398 1848 1539 1920 locum
1567 1848 1683 1920 omni
1701 1848 1794 1920 iure
1818 1861 1959 1919 tenue·

181 1987 265 2060 rat,
302 1971 388 2044 ism
400 1968 484 2061 niu·
508 1968 677 2048 vendita
702 1994 789 2045 esse
817 1947 958 2050 omnib
982 1973 1284 2070 perspicerem,
1320 1973 1386 2051 ‚ad
1406 1970 1531 2047 finem
1560 1975 1670 2049 milii
1692 1968 1960 2072 propositum

180 2103 322 2199 ipsum
342 2094 626 2197 progrediens
665 2096 928 2196 colligendo»,
944 2113 1107 2175 tantum
1123 2112 1193 2204 'et
1223 2101 1274 2177 in
1311 2100 1470 2175 loculos
1503 2073 1745 2196 reponendo
1782 2101 1961 2198 amplius
2064 2078 2066 2083 ¹

25 2204 30 2218 ⁴
135 2228 401 2326 ·,indulg.ere
425 2226 574 2313 nolui,
618 2223 690 2300 sed
713 2227 855 2324 potius
888 2227 1172 2323 grammaticae
1207 2224 1446 2305 scribendae
1487 2227 1647 2323 iisque,
1672 2262 1675 2267 ·
1700 2249 1806 2322 quae
1839 2227 1958 2302 inve·
2037 2310 2048 2325 Ρ

145 2438 149 2455 Ι
182 2375 345 2449 ιιειιιιι,
371 2354 421 2427 in
443 2352 664 2452 publicum
691 2352 1126 2459 emittendisvomnem
1156 2354 1294 2431 dicavi
1320 2377 1499 2452 operam.
1551 2352 1992 2460 Neverotyp0t11e7=

114 2485 118 2492 ’
161 2480 436 2567 ¹metabere,
470 2503 593 2576 quem
622 2481 821 2559 inlibris,
845 2480 972 2558 huius
995 2483 1162 2587 ¹generis
1191 2477 1401 2562 difficilem
1440 2505 1528 2562 esse
1548 2482 1796 2580 magnisque
1821 2494 1863 2564 et
1880 2499 1961 2566 ra,

183 2616 258 2690 riis
303 2611 557 2707 interrumpi
601 2584 914 2707 impedimentis
952 2635 1076 2687 nemo
1094 2639 1096 2647 ·
1112 2611 1296 2709 ignorat,
1348 2626 1455 2709 op'ue
1497 2611 1642 2689 nimis¹
1670 2601 1958 2694 retardaretur,
2027 2718 2030 2722 g

18 2838 23 2845 ι
73 2786 84 2811 ,
144 2747 146 2751 ’
182 2738 436 2843 typographi
461 2735 654 2809 manibus
683 2736 858 2823 tradidi,
887 2739 1150 2835 quce‘prima
1178 2738 1957 2835 editioniparaveram,prolegomena

185 2885 226 2941 et
252 2864 538 2967 grammaticae
564 2863 696 2960 ipsius
724 2877 882 2970 partem
908 2864 1082 2943 minime
1109 2889 1301 2961 parvam,
1330 2889 1496 2965 sperans
1527 2861 1618 2938 fore
1642 2878 1690 2943 ut
1716 2864 1957 2959 incoeptum

184 2994 417 3093 extemplo
412 2991 660 3112 continuare
691 3005 752 3076 et,
779 2991 854 3087 qui
880 3006 980 3067 tunc
1007 2993 1205 3090 temporis
1234 2991 1422 3070 nondum
1451 2993 1596 3092 scripti
1623 3008 1778 3077 erant,
1797 2990 1957 3073 librum
2024 2996 2028 3001 '

185 3121 419 3241 secubdur'n
440 3133 487 3193 et
513 3119 683 3195 tertium
706 3117 827 3194 brevi
853 3129 949 3236 post
973 3120 1186 3199 absolvere
1210 3144 1384 3217 possem.
1408 3126 1526 3196 Hac
1544 3136 1680 3193 tamen
1705 3121 1753 3196 in
1774 3140 1816 3195 te
1833 3119 1958 3189 vehe-

182 3227 342 3328 meirter
360 3272 427 3322 nte
446 3243 624 3341 fefellit
616 3257 705 3322 m'ea
724 3246 960 3346 expectatio
1013 3251 1129 3322 Nam
1143 3246 1257 3344 quod
1274 3247 1663 3346 mihipromiseram
1688 3243 1845 3330 otium,
1882 3257 1955 3323 aut

67 3435 80 3453 .
182 3381 349 3456 scholae
370 3373 583 3473 babcudtqe
610 3385 858 3472 eorumque,
893 3374 1069 3472 quaein
1096 3375 1150 3449 iis
1178 3369 1386 3449 tractanda
1415 3389 1557 3456 erant,
1594 3351 1804 3469 collectio,
1846 3366 1956 3448 diiu-

184 3473 347 3588 dicatio.
364 3497 413 3578 et'
430 3503 655 3579 elaboratio
683 3504 794 3587 mihi
818 3501 1049 3599 abripuere,
1086 3515 1247 3599 praeter
1274 3499 1432 3573 scholas
1470 3495 1720 3594 theologicas
1748 3508 1841 3593 post
1867 3495 1953 3572 Ko-

186 3636 412 3740 segartenia?
438 3631 618 3729 collegae
642 3629 892 3705 amicissimi:
910 3627 1137 3702 discessum
1163 3627 1314 3700 veteris
1351 3621 1530 3699 foederis
1558 3622 1745 3722 exegesiir
1771 3636 1814 3703 ct,
1846 3621 1953 3704 litte·
1985 3701 1999 3714 ⁰

186 3788 326 3839 rarum
354 3758 621 3848 orientalium
647 3756 783 3832 'studia
811 3755 1084 3832 acroasibus
1070 3779 1132 3829 ιιι
1144 3754 1222 3828 hac
1247 3754 1515 3828 ιιιιίιοιιίιιιο
1542 3748 1775 3833 adinventi,-
1797 3760 1867 3828 aut
1884 3746 1951 3830 iis,

187 3914 288 4011 quea
317 3885 691 3986 imprimebantur,
736 3881 992 3984 corrigendis
1029 3907 1073 3956 ac
1108 3882 1285 3980 repetito
1316 3872 1494 3955 examini
1517 3874 1805 3962 subiiciendis
1850 3898 1953 3971 quae

166 4041 254 4118 -res
272 4030 480 4114 quantum
509 4013 645 4093 ttledii
661 4014 828 4102 habeat,
870 4027 1074 4111 quantum
1098 4012 1299 4110 temporis
1327 4011 1522 4109 postulet,
1549 4007 1659 4082 inter
1686 4024 1828 4079 omnes
1856 4021 1954 4071 con
1971 4111 1982 4125 ,
2063 4064 2073 4077 ,,

187 4158 286 4232 stat,
323 4141 409 4217 fere
442 4158 592 4250 totum
596 4156 870 4235 consumtum
904 4156 975 4213 est
1043 4143 1156 4241 Quae
1184 4163 1279 4211 cum
1306 4139 1364 4210 ita
1390 4137 1495 4226 sint,
1534 4136 1580 4209 in
1609 4153 1732 4230 opere
1759 4139 1951 4223 suscepto

187 4297 254 4350 me
282 4274 395 4369 leuto
423 4269 553 4370 gradu
579 4271 826 4371 perrexisse,
862 4291 949 4341 non
974 4265 1198 4342 miraberis.
1272 4263 1412 4367 Quid?
1451 4261 1564 4369 quod
1591 4257 1810 4333 oculorum
1835 4251 1952 4334 dolo·

106 4405 111 4423 ¹
187 4424 253 4479 res
281 4397 539 4475 acerbissimi
549 4415 601 4475 -et
627 4399 880 4498 pertinaces,
928 4395 1006 4494 qui»
1025 4394 1110 4468 iam
1136 4393 1493 4494 Hali'szdegentem
1520 4397 1705 4484 saepeffet
1730 4380 1958 4461 vehemus-f

189 4545 253 4605 ter
270 4528 500 4604 cruciarent
526 4542 562 4602 et
582 4527 688 4602 mala
703 4522 956 4600 valetudinis
978 4523 1179 4651 conditio,
1203 4518 1580 4600 sedentariaevitae
1600 4510 1836 4624 adhaerens,
1866 4522 1951 4582 stu·
