4530 5544
483 385 514 464 ς.
537 382 568 444 6.
614 380 822 462 S'yrerum
844 382 1072 455 scripture
1094 381 1276 457 eiusque
1299 375 1502 436 lrr'srorr'a.
1829 386 1878 459 67

217 556 255 641 7)
286 552 526 648 werengato,
564 548 873 647 antiquissimum
897 549 1072 617 interea
1100 543 1292 614 scribendi
1320 567 1483 636 genera,
1522 545 1683 635 quaein
1714 547 1907 639 Syriacis
2009 584 2012 591 Α

114 681 222 748 libris
241 684 513 768 inveniuntur,
541 681 694 772 Syriace
713 656 865 781 11ξῖὸωί
905 677 1148 761 nominatur}
1195 674 1298 767 quod
1338 675 1491 763 quidem
1529 701 1672 747 nomen
1707 687 1876 753 Asseura.

114 799 195 866 nius
214 803 247 887 ⁸)
283 795 476 865 aGraeco
508 791 714 886 στρογγύλος
741 790 915 861 derivans
945 790 1146 864 rotundum
1172 791 1391 887 siguificare
1417 793 1488 878 ait3
1519 815 1606 860 cum
1629 816 1741 884 vero,
1771 798 1875 887 quod

112 912 192 980 ianr
207 920 239 983 Ι.
259 919 308 988 D.
334 909 527 982 Michaelis
538 907 575 1001 l’)
606 924 645 975 et
669 908 825 982 Adlerus
844 912 874 999 ⁰)
904 923 1006 976 recte
1032 920 1288 994 monuerunt,
1323 904 1482 983 minime
1509 909 1673 977 rotunda
1703 913 1754 979 sit
1777 914 1875 984 haec

112 1028 326 1097 litterarum
351 1028 496 1116 forma,
523 1024 995 1116 (vid.Tab.11.)n0men
1018 1024 1150 1113 potius
1178 1047 1265 1090 curn
1293 1024 1367 1090 illis
1394 1023 1483 1091 viris·
1504 1025 1683 1093 Arabicae
1711 1028 1872 1123 originis

111 1163 194 1210 esse
225 1145 486 1231 arbitramur„
519 1141 622 1232 quod
649 1138 735 1230 Syri
756 1138 925 1231 primum
946 1139 1204 1209 Carsclruuice
1222 1139 1248 1206 i.
1268 1162 1301 1207 e.
1321 1136 1461 1207 litteris
1479 1139 1641 1229 Syriacis
1668 1145 1870 1219 scribendo

111 1259 366 1346 usurpabant,
414 1257 549 1325 deinde
578 1278 669 1325 vero
697 1257 849 1326 civitate
878 1254 1090 1338 donabant,
1128 1269 1304 1322 ortnrne
1285 1218 1696 1382 asir-»scripturam
1716 1253 1872 1393 W

109 1397 230 1470 enarrg
209 1373 359 1457 elium,
399 1387 438 1440 ut
468 1373 677 1467 significet:
712 1372 893 1462 scriptura
918 1370 1106 1464 euangelii
1121 1369 1158 1434 h.
1187 1392 1217 1434 e.
1246 1367 1437 1456 scriptura
1464 1371 1696 1458 rua'ruscula,
1730 1399 1802 1465 qua
1829 1378 1869 1445 in

108 1488 319 1555 scribendis
346 1486 537 1583 evangelii
567 1482 747 1575 exemplis
771 1484 1000 1568 utebantur,
1029 1506 1149 1577 oppa
1141 1485 1204 1549 ita
1223 1482 1449 1549 minusculis
1469 1496 1506 1546 et
1526 1484 1697 1553 velocius
1718 1489 1869 1580 scriptis

109 1603 268 1692 litteris,
307 1626 399 1697 quas
430 1602 565 1672 eodem
596 1614 772 1693 tempore
799 1599 840 1667 in
868 1597 984 1693 vulgo
1011 1597 1085 1664 iam
1114 1597 1271 1665 'usitatas
1304 1596 1426 1665 fuisso
1452 1598 1657 1692 fraterna)
1692 1592 1803 1672 docet
1824 1608 1867 1696 ο).

194 1773 315 1833 Annos.
341 1790 369 1831 r.
415 1770 444 1830 1.
469 1769 514 1831 D.
540 1764 721 1829 Michaelis
752 1765 949 1843 scripturam
981 1764 1143 1843 evangelii
1168 1782 1207 1822 eo
1233 1781 1328 1824 sensu
1353 1765 1485 1839 sumsit,
1519 1778 1556 1824 ut
1578 1764 1661 1827 haec
1682 1785 1750 1829 non
1773 1770 1886 1834 alteri,

106 1871 265 1950 Syrorum
294 1871 491 1947 scripturae,
522 1870 558 1928 in
590 1868 657 1925 vita
686 1865 858 1924 communi
882 1876 913 1920 et
935 1860 1092 1920 familiari
1115 1863 1255 1920 usitatae
1277 1877 1479 1941 opponatur,
1515 1864 1570 1923 sed
1596 1862 1771 1940 Arabicae,
1805 1892 1868 1949 qua

25 1980 39 1997 ‘
107 1967 265 2027 Moslemi
297 1980 393 2043 atque
424 1966 459 2022 in
480 1965 580 2023 rebus
604 1960 825 2022 saecularibus
849 1978 943 2038 saepe
967 1972 998 2018 et
1021 1959 1200 2020 Christiani
1223 1962 1273 2021 usi
1296 1962 1371 2020 sint.
1419 1961 1505 2021 Cum
1530 1983 1605 2023 vero
1628 1966 1787 2046 scriptura
1808 1971 1867 2031 illa

106 2065 312 2145 Estrangela,
355 2077 530 2142 antequam
563 2058 816 2123 Multammedes
848 2058 986 2136 eiusque
1012 2059 1154 2119 asseclae
1186 2060 1380 2120 Christianis
1408 2061 1533 2138 opponi
1563 2077 1710 2140 possent,
1747 2068 1867 2130 usitata

104 2178 211 2237 esset,
237 2163 441 2243 quinetiam
464 2162 554 2224 haud
576 2160 683 2223 multo
704 2172 778 2240 post
801 2175 819 2215 a
842 2157 1001 2239 scriptura
1021 2158 1208 2223 minuscule
1231 2162 1298 2220 lere
1320 2174 1485 2221 summota
1510 2175 1611 2233 esset,
1634 2180 1704 2222 non
1729 2168 1867 2228 omnino

106 2276 154 2323 est
183 2262 420 2342 improbabile,
453 2261 551 2340 Syros
579 2261 681 2321 etiam
709 2259 798 2319 illius
823 2259 1001 2338 scripturae
1024 2260 1161 2319 nomine
1185 2257 1410 2337 Estrangelo
1401 2279 1468 2320 ram
1493 2272 1569 2322 ante
1593 2259 1869 2328 Muhammedem

106 2381 182 2421 usos
223 2382 300 2423 esse
361 2362 556 2455 Nusquam
572 2361 703 2447 quidem
738 2372 1039 2421 commemoratum
1077 2359 1284 2429 invenimus
1325 2379 1387 2440 quo
1425 2359 1559 2451 tandem
1597 2372 1748 2441 ternpore
1785 2364 1868 2425 illud

108 2461 288 2540 scripturae
318 2478 443 2519 nomen
477 2472 626 2519 exortum
659 2459 719 2524 εἰη
749 2469 893 2519 attamen
923 2456 1119 2531 ,verisimiles
1125 2456 1272 2521 videtur
1303 2458 1373 2516 eius
1398 2457 1563 2538 originem
1587 2472 1765 2541 antequam
1789 2466 1866 2523 scri-

107 2571 202 2636 ptura
226 2556 452 2633 obsoleverat,
487 2577 556 2619 esse
580 2554 798 2616 statuendam.

164 2786 167 2793 ,
206 2678 311 2778 Ilaec
339 2711 528 2806 scripture
545 2709 588 2779 in
604 2708 838 2802 pervetustis
860 2668 1055 2815 codicibus
1077 2709 1336 2809 cqnspicitur,
1361 2710 1671 2805 nominatimque
1688 2713 1731 2781 in
1746 2714 1866 2807 pluri·

107 2824 180 2891 mis
208 2847 366 2915 eorum,
393 2825 459 2917 qui
485 2841 574 2896 aute
600 2847 743 2894 annum
766 2822 1298 2900 Cbristissooexoratisunt.
1353 2828 1509 2899 Praeter
1538 2826 1662 2916 hanc,
1689 2831 1867 2905 etiamin

105 2945 367 3041 monumentis
394 2942 559 3035 publicis
586 2941 739 3047 obviam
767 2942 879 3019 aliam
905 2941 1137 3037 vulgarem
1128 2963 1201 3011 iarn
1230 2941 1269 3010 in
1300 2965 1371 3010 usu
1400 2940 1519 3010 inisse
1550 2957 1706 3015 certea
1725 2959 1799 3037 548
1820 2974 1865 3019 ex

110 3054 239 3122 Codic.
262 3057 402 3147 Syriae
421 3054 589 3123 Vatican.
608 3055 682 3124 xtt
703 3039 856 3144 apparet
883 3054 924 3144 f).
978 3058 1115 3167 Neque
1143 3056 1219 3125 boc
1240 3079 1384 3151 aprum
1406 3072 1444 3125 et
1462 3056 1678 3133 inauditum
1697 3065 1866 3155 putabis,

106 3168 176 3236 sed
208 3169 338 3271 potius
367 3167 528 3237 aliorum
558 3170 794 3261 populorum
821 3171 918 3240 mori
947 3185 1274 3259 consentaneum,
1314 3186 1528 3241 nostratum
1556 3175 1761 3266 nimirum,
1800 3182 1869 3272 qui

106 3297 261 3375 praeter
288 3260 501 3351 litterarum
528 3297 638 3350 notas
666 3286 829 3351 maiores
858 3303 895 3352 et
927 3285 1130 3353 crassiores
1159 3285 1249 3353 alias
1278 3288 1449 3354 minores
1469 3287 1617 3380 vulgari
1640 3293 1725 3359 usui
1746 3296 1866 3364 inser·

108 3399 256 3467 vientes
282 3397 477 3466 adhibent.
531 3398 770 3486 Temporum
801 3421 889 3465 roro
916 3411 1061 3472 tractu,
1098 3412 1140 3465 ut
1164 3399 1249 3466 fieri
1270 3400 1389 3475 solet,
1416 3400 1654 3491 pedetentim
1676 3405 1754 3476 buc
1774 3411 1866 3482 illuc

108 3515 201 3581 haec
227 3513 416 3606 scriptura
441 3513 640 3580 immutata
663 3526 742 3594 est3
768 3514 977 3603 praecipue
1004 3512 1151 3579 crimin
1170 3535 1282 3581 usum
1302 3513 1479 3583 celeriter
1499 3515 1749 3592 scribentium
1768 3523 1867 3594 diiii·

109 3630 260 3700 ciliores
282 3627 664 3722 litterarum·ilgurae
689 3628 811 3721 magis
832 3627 1018 3696 flexibiles
1037 3624 1291 3697 redderentur
1305 3633 1352 3717 a).

117 3744 469 3829 -ψις
1143 3822 1169 3842 s,

180 3834 603 3932 ataittiostt1i1.t³.tr.
625 3889 691 3943 pag.
711 3882 769 3944 378.
805 3873 945 3928 Rotunda
1099 3879 1207 3943 stein
1235 3862 1328 3933 Aaron
1351 3878 1372 3932 1.
1395 3878 1414 3930 l.
1444 3899 1472 3950 p.
1491 3901 1515 3951 7.
1543 3893 1632 3953 atque
1658 3884 1688 3938 in
1716 3889 1775 3939 tab.
1801 3890 1865 3942 ima

110 3967 139 4010 et
171 3954 332 4007 nisiussula
351 3956 450 4009 -iorma
468 3955 549 4009 idem
567 3956 764 4025 significantia
785 3960 842 4010 sive
857 3976 944 4025 syuo-
1032 3961 1117 4025 prim.
1135 3961 1287 4030 epigraph.

112 4056 200 4107 nyma
227 4037 278 4090 illa
303 4037 453 4106 opinatur,
482 4041 640 4109 qna-istra
658 4043 807 4099 nemiuem
823 4057 944 4095 consere
1100 4046 1132 4111 g)
1154 4041 1298 4097 Blanclsr'ru'
1315 4041 1454 4113 Erangal.
1482 4048 1637 4118 quadrupl.
1664 4051 1698 4104 Τ.
1716 4055 1740 4108 i.
1767 4073 1797 4125 p.
1813 4074 1861 4125 54¹

112 4125 235 4179 rientem
252 4119 381 4172 habebit.
1031 4141 1136 4195 -54s3
1155 4125 1228 4181 rab.
1245 4127 1269 4178 Ι.
1289 4126 1369 4194 apud
1389 4127 1552 4182 Adlatuml.
1570 4130 1601 4194 l.,
1618 4134 1670 4188 ubi
1683 4152 1784 4191 omnes
1801 4140 1864 4194 fers

179 4205 372 4268 amoram
378 4201 530 4272 §tt-12⁸3
520 4219 588 4272 ιι.
718 4233 722 4239 ·
1032 4210 1295 4267 commutationum
1313 4210 1424 4278 graden
1441 4212 1678 4287 tibiobvaaiunt,
1697 4223 1866 4291 quibusve

181 4282 562 4353 e)Version0a851'iao.N
575 4285 613 4355 Τ.
630 4305 696 4359 pag.
714 4307 752 4356 4:
809 4302 825 4344 ἰ
849 4344 854 4351 ,
907 4326 913 4335 -
966 4302 969 4308 ·
1031 4302 1077 4346 tus
1095 4293 1169 4367 illud
1187 4292 1333 4347 scribendi
1352 4309 1445 4363 genua
1458 4297 1497 4351 ad
1512 4310 1629 4354 nostras
1643 4317 1736 4373 usqua
1753 4307 1864 4358 volubi-

160 4371 216 4438 ,55)
232 4358 302 4431 ki·
322 4380 389 4438 1558
409 4384 501 4437 7⁸4·
718 4386 775 4429 ··.·et
1030 4373 1119 4429 hom
1133 4360 1247 4438 sitnm
1266 4375 1422 4433 ‘luculli‘
1455 4379 1525 4450 Quo
1542 4384 1620 4437 anim
1636 4383 1751 4455 longius
1770 4396 1865 4441 aetate

183 4460 211 4520 e)
232 4455 312 4507 tasse
338 4468 391 4503 rex
414 4451 439 4503 si
457 4466 476 4502 a
492 4447 612 4503 ornos
626 4452 797 4523 αψηῶη
811 4414 948 4519 matra.-
1032 4456 1142 4509 distant
1168 4458 1350 4530 epigraphes
1381 4462 1520 4517 versionis
1548 4466 1584 4517 N.
1609 4468 1644 4521 Τ.
1668 4468 1840 4536 simplicis'
1832 4488 1864 4525 tn

114 4538 259 4614 petenda,
285 4537 401 4592 melius
414 4533 514 4589 littera
530 4541 549 4598 ζ
565 4535 753 4588 scriberetur.
1035 4537 1133 4590 codic.
1152 4540 1241 4592 Varie.
1259 4544 1312 4596 ΧΠ
1331 4542 1454 4608 allatae,
1483 4562 1525 4597 eo
1535 4548 1645 4612 maior,
1669 4564 1726 4617 quo
1744 4553 1863 4631 propias

1036 4617 1196 4690 accedunt,
1228 4641 1261 4677 eo
1279 4626 1376 4681 annor
1393 4628 1516 4680 variatas
1536 4646 1597 4682 esse
1614 4630 1738 4689 ridetur.

1351 4713 1496 4780 le
