4476 5536
818 242 827 275 f

874 409 1396 545 Praerartm'
1951 413 2068 559 ᾀ“

239 634 599 713 observationibus
644 606 858 736 supplevi,
893 649 935 710 et
966 658 1072 733 quae
1116 636 1257 710 minus
1291 647 1400 709 recte
1442 631 1552 708 dicta
1594 649 1730 725 erant,
1763 637 1992 738 emendavi.

240 765 350 840 Cum
376 789 482 839 vero
502 789 590 840 non
618 763 754 838 solum
782 785 886 859 quae
918 785 1016 836 vera
1053 760 1304 850 videbantur
1345 759 1527 851 tradere,
1554 759 1626 839 sed
1651 765 1776 853 etiam
1798 792 1998 890 persaepe

237 891 413 966 aliorum
440 893 630 967 virorum
658 890 878 965 sententias
904 885 1084 962 refutare
1112 904 1152 961 et
1179 887 1395 963 emendare
1421 913 1524 988 opus
1552 903 1674 979 esset,
1712 894 1844 991 magis
1871 920 1996 992 quam

158 1047 164 1066 ·
237 1014 286 1089 ab
322 1019 445 1093 initio
480 1035 785 1133 expectaueram
819 1029 860 1090 et
893 1015 1125 1103 volueram,
1163 1015 1341 1089 ambitus
1380 1015 1480 1089 libri
1514 1018 1653 1091 crevit
1724 1025 1828 1127 Hpc
1845 1036 1994 1116 tamen,

236 1138 337 1240 quia'
362 1144 429 1219 his
457 1145 607 1222 studiis
632 1167 675 1220 se
714 1143 855 1217 dantes
892 1156 961 1215 aut
982 1141 1099 1216 nullo
1124 1157 1193 1217 aut
1216 1166 1291 1240 per
1317 1141 1442 1216 breve
1468 1157 1627 1218 ιιιιιιιιιι
1652 1158 1816 1246 tempus
1840 1151 1905 1224 uti
1928 1175 1996 1226 so·

130 1251 137 1264 ’
232 1269 320 1347 lent
337 1287 571 1372 etpossunt
588 1273 804 1372 magistro,
831 1293 916 1344 non
933 1291 1009 1369 pro
1027 1269 1133 1343 vitio
1157 1268 1389 1359 habuerim,
1418 1266 1503 1341 sed
1497 1270 1653 1369 potius
1670 1271 2016 1373 laudifuturum·

233 1414 320 1472 esse
347 1398 457 1475 libro
482 1424 576 1476 meo
602 1398 858 1500 putaverim3
896 1397 1029 1468 immo
1055 1397 1338 1494 exemplorum
1365 1395 1545 1492 copiam,
1580 1396 1733 1494 largam
1759 1391 1913 1513 rerum*
1927 1432 1996 1483 ex·
2054 1468 2056 1475 .
2086 1390 2092 1401 ’

232 1525 485 1620 positionem
512 1542 632 1623 atque
658 1539 884 1625 accuratam
911 1524 1206 1596 sententiarum
1232 1519 1521 1619 probationem
1555 1523 1683 1621 magis
1717 1524 1768 1600 ad
1801 1553 1900 1616 eum
1936 1534 1995 1608 le·
2027 1580 2032 1589 ·

119 1707 122 1714 .
232 1648 415 1745 gendum
454 1654 717 1749 allecturam,
734 1674 819 1726 esse
861 1670 984 1746 quam
1019 1646 1308 1721 deterrituram
1344 1671 1465 1747 spero
1508 1663 1549 1740 et
1580 1665 1689 1749 opto.
1764 1633 1996 1754 Displicuit

199 1771 202 1777 ’
235 1779 348 1850 enim
387 1781 495 1854 mihi
531 1805 692 1881 semper
728 1774 983 1852 consuetudo
1015 1775 1143 1873 vulgo
1177 1790 1338 1872 recepta
1371 1774 1418 1848 in
1447 1773 1588 1850 eadem
1623 1777 1765 1883 lingua
1801 1780 2001 1864 discenda·

134 1901 139 1911 ’
232 1902 426 2000 pluribus
470 1897 625 1980 utendi
653 1904 795 1990 libris,
840 1903 898 1974 ita
932 1916 982 1976 ut
1015 1902 1201 2000 primum
1235 1900 1373 2008 brevis
1401 1915 1442 1974 et
1460 1917 1587 1990 curta,
1614 1913 1708 2004 p'ost
1736 1933 1836 2005 vero,
1860 1917 2012 2009 maior,

127 2106 138 2126 ·
183 2048 189 2055 ·
234 2032 449 2129 magisque
477 2046 660 2106 accurata
688 2028 949 2128 grammatica
976 2025 1279 2125 discipulorum
1305 2026 1487 2101 tradatur
1520 2031 1732 2125 manibus3
1776 2037 1822 2110 in
1858 2027 1995 2137 orien.¹

162 2154 386 2230 “talibus
412 2146 508 2256 ergo
545 2157 714 2245 litteris,
758 2177 933 2253 quarum
969 2154 1146 2228 cultores
1180 2171 1261 2254 per
1292 2176 1414 2228 omne
1449 2167 1611 2255 tempus
1648 2161 1771 2272 pauci
1808 2182 1922 2241 erant
1956 2183 1997 2246 et
2125 2221 2128 2225 -

206 2354 209 2361 .
237 2299 382 2372 erunt,
409 2299 600 2359 nostrum
618 2307 706 2358 esse
729 2279 917 2369 videtur,
951 2280 1073 2354 illum
1098 2302 1271 2378 morem,
1299 2303 1347 2354 ex
1371 2304 1463 2354 mea
1488 2283 1660 2379 quidem
1686 2293 1885 2366 sententia
1909 2272 1999 2373 non
2032 2352 2047 2383 2

238 2384 376 2484 solum
401 2412 611 2501 inutilem,
639 2408 860 2484 sedetiam
887 2430 1005 2506 saepe
1031 2407 1216 2495 noxium,
1251 2408 1484 2506 relinquere
1511 2434 1555 2484 ac
1581 2410 1834 2493 discentibus
1861 2420 2030 2500 statim

235 2533 285 2609 ab
312 2537 437 2611 initio
463 2536 830 2636 librosporrigere
857 2530 1015 2619 omnia,
1064 2556 1167 2629 quae
1201 2535 1305 2608 scire
1332 2533 1507 2625 debent,
1551 2527 1642 2637 apte
1669 2545 1996 2642 complectentes.

236 2665 436 2758 iuquam
475 2660 718 2736 sententiam
750 2658 942 2736 abierunt
975 2659 1073 2734 viri.
1095 2657 1146 2734 de
1186 2658 1254 2736 his
1300 2658 1448 2737 studiis
1492 2663 1614 2764 longe
1654 2671 1819 2761 meriti,
1872 2670 1995 2754 LD.

235 2786 472 2877 ilficlraelis,
510 2790 709 2879 Vaterus,
749 2785 966 2876 Gerenius,
1003 2783 1088 2860 alii.¹
1149 2786 1274 2862 Recte
1307 2787 1420 2861 enim
1444 2772 1499 2864 'et
1522 2806 1637 2866 acute
1660 2797 1823 2894 primus
1843 2824 1998 2880 eorum

233 2915 280 2988 in
306 2912 560 3015 praefatione
587 2914 638 2990 ad
664 2939 782 2991 suam
808 2915 993 3014 Syriacae
1019 2912 1187 3012 linguae
1221 2916 1527 3011 grammaticam
1560 2920 1619 2992 ita
1652 2920 1838 3000 disserit:
1892 2935 1997 3021 „Sex
2023 2925 2027 2931 ’

232 3037 528 3131 formonsos,
572 3057 659 3130 aur,
693 3058 742 3116 ut
761 3043 932 3140 proprie
959 3041 1117 3135 loquar,
1145 3041 1329 3137 quinque
1356 3042 1488 3117 tribui
1514 3047 1700 3144 Syriacae
1726 3052 1892 3152 linguae
1919 3057 1997 3137 die

188 3260 192 3265 q
235 3167 432 3241 cendae
420 3196 466 3243 ιιι
502 3167 720 3244 academiis
755 3168 908 3243 solent:
950 3164 1097 3254 breve,
1141 3165 1215 3240 sed
1249 3182 1386 3241 tamen
1421 3168 1634 3247 sufficiens
1669 3154 1890 3255 facillimae
1926 3184 1997 3282 (t)

233 3294 471 3425 linguarum
511 3308 697 3391 tempus,
748 3291 876 3366 modo
927 3297 1134 3390 copiosam
1177 3290 1355 3366 habeant
1399 3309 1440 3369 et
1465 3269 1633 3371 divitem
1665 3312 1995 3403 grammaticam,

234 3446 355 3520 quam
399 3445 478 3493 non
514 3433 645 3493 totam
687 3418 865 3516 explicet
910 3417 1072 3502 doctor,
1120 3418 1194 3492 sed
1227 3441 1279 3490 ex
1311 3446 1393 3516 qua
1431 3446 1496 3495 res
1529 3429 1750 3520 primarias
1783 3451 2023 3539 excerpat„

231 3552 335 3623 oica
360 3571 463 3649 voce
490 3546 735 3632 traditurus,
776 3567 982 3642 quamque
1009 3544 1141 3644 legere
1167 3559 1297 3618 totam
1324 3560 1363 3619 et
1388 3548 1497 3622 inter
1532 3547 1996 3642 discendum'evolvere

231 3675 416 3776 possint:
463 3674 643 3771 maxima
678 3675 780 3744 enim
805 3695 908 3767 pars
941 3668 1136 3744 breviculi
1175 3676 1378 3776 temporis
1402 3674 1564 3750 lectioni
1595 3687 1636 3752 et
1669 3686 1998 3783 interpretationi

232 3800 441 3875 librorum
459 3800 731 3896 syriacorum
769 3796 1052 3893 impendenda.
1106 3785 1168 3872 At*
1182 3798 1231 3871 in
1248 3799 1388 3896 ,sterili
1404 3806 1687 3897 grammaticae
1705 3807 1911 3889 ‘brevitate
1939 3803 1997 3892 al·

213 3916 369 4017 ,terum
396 3922 577 3998 accidere
605 3946 767 3999 necesse
794 3936 875 4009 est,
905 3923 992 3996 sive
1020 3935 1064 3996 ut
1090 3935 1247 4021 tempus
1272 3925 1432 3999 teratur
1457 3952 1548 3999 eam
1573 3933 1825 4031 supplendo,
1859 3941 1996 4041 iisque

233 4056 389 4130 calamo
417 4048 539 4122 etiam
565 4047 841 4148 excipiendis,
884 4071 987 4145 quae
1013 4050 1212 4148 impressa
1236 4075 1386 4149 magno
1412 4057 1613 4152 temporis
1641 4065 1888 4162 compendio
1914 4072 1997 4172 legi
2081 4044 2086 4061 ’

198 4163 202 4168 Δ
231 4179 480 4282 potuissent,
502 4211 555 4228 -
573 4212 625 4230 -··
641 4174 755 4272 quod
781 4177 920 4274 ipsum
947 4188 1108 4274 tempus
1135 4176 1253 4251 libris
1280 4179 1456 4277 Syriacis
1476 4181 1661 4279 legendis
1687 4192 1816 4288 parit;
1846 4197 1933 4270 sive
1950 4200 1996 4274 ut

233 4307 361 4381 multa
386 4308 579 4407 ignorent
592 4303 693 4375 scitu
721 4306 971 4390 necessaria,
1000 4303 1264 4406 linguamque
1280 4305 1418 4403 aliquo
1437 4308 1604 4411 legendi
1624 4341 1696 4388 usu
1715 4310 1995 4427 imperfectius

235 4458 286 4507 ac
303 4435 431 4505 minus
446 4430 717 4532 grammatice
734 4427 932 4502 discant.“
984 4433 1145 4504 Poterat
1171 4431 1292 4504 etiam
1312 4433 1379 4506 vir
1406 4431 1583 4512 docendi
1605 4437 1818 4536 facultate,
1845 4465 1892 4523 ut
1919 4475 1995 4526 no·

234 4564 434 4645 tumeat,
470 4553 683 4655 praeditus
709 4553 886 4629 mariana
920 4578 1260 4650 commemorare,
1306 4558 1631 4644 adolescentibus
1664 4575 1849 4670 magistri
1876 4576 1994 4653 insti·
2057 4624 2068 4641 ‚

1714 4676 1735 4729 s
1753 4677 1775 4729 e
