4530 5544
638 383 669 454 b.
690 397 741 458 43.
790 366 962 464 Suffixum
984 381 1129 440 nominis
1151 401 1210 440 seu
1228 400 1409 460 pronomen
1429 381 1657 460 possessivum·
1698 421 1704 431 -
1926 364 2033 490 υ159

352 522 494 606 Annots
528 543 691 608 Suffixum
724 547 846 627 ιδίας.
878 565 947 607 non
976 549 1212 626 pronuntiatur
1243 551 1285 623 (d.
1308 550 1360 624 μ’,
1384 566 1412 607 s.
1436 545 1504 622 b.),
1529 513 1626 602 ¹uude
1650 538 1756 598 variae
1777 536 1815 596 in
1837 530 2029 596 nominibus

267 644 850 724 oriunturiocatiummuntiones
881 651 922 722 (ο.
948 666 998 724 95.
1023 637 1096 727 ιφ).
1140 649 1178 708 ln
1201 648 1395 708 nominibus
1418 645 1555 733 ultimae
1577 639 1792 721 quiescentis,
1815 632 1874 694 ubi
1894 633 1957 695 Jud
1977 652 2029 692 ra·

265 760 369 820 dicale
402 758 721 842 suffixum-excipit,
752 740 906 822 vocalis¹
934 762 1066 842 quidam
1090 763 1292 834 adsumitur,
1314 763 1424 824 nihilo
1448 777 1559 822 tamen
1584 757 1694 816 minus
1716 751 1872 814 suffixum
1894 743 2025 822 etiaim,

264 891 297 935 et
326 877 387 936 Jud
416 875 556 935 radicale
585 877 622 935 iu
649 878 709 938 illa
733 880 838 938 vocali
862 881 1021 957 quiescit}
1046 899 1071 937 v.
1098 900 1123 939 c.
1145 860 1401 986 Lin'xgelectum
1425 854 1664 982 ωοζχχεῖθΰῑυδ
1687 885 1792 934 mest-³5
1813 867 1861 925 5¹³
1883 878 1915 925 ²³
1935 843 2025 947 ilai,

261 983 352 1085 ..agii
381 1006 500 1067 acubus
530 1028 637 1083 meus,
668 993 800 1087 limaisa,
827 996 953 1111 aipein
972 1033 1073 1092 equus
1103 1034 1202 1075 meus.
1255 1013 1350 1091 Quae
1382 1030 1457 1071 vero
1482 988 1626 1070 uomina
1655 1006 1691 1062 in
1721 1014 1806 1060 statu
1838 991 2033 1059 constructo

261 1140 304 1208 (0.
328 1141 391 1214 92.)
426 1138 463 1197 iu
486 1115 523 1204 J
543 1138 716 1211 desinunt,
751 1156 819 1199 non
850 1158 1021 1204 assumunt
1050 1146 1222 1212 suffixum,
1254 1145 1310 1206 sed
1341 1144 1405 1204 lud
1437 1138 1580 1201 radicale
1600 1139 1637 1196 in
1660 1135 1727 1195 line
1749 1134 1819 1192 eius
1843 1133 1926 1192 vicet
1950 1147 2024 1207 sup·

260 1268 344 1344 ple1;
368 1283 404 1327 ut
430 1250 550 1347 limiam
573 1250 848 1343 thronum-milo}
876 1279 1016 1340 thronus
1039 1301 1129 1341 meus
1151 1283 1236 1356 (Act.
1262 1300 1293 1356 9,
1315 1282 1399 1356 49.),
1423 1248 1534 1351 limari
1552 1287 1665 1351 polus,
1688 1243 1784 1335 „dcxi
1815 1281 1911 1345 polus
1934 1283 2024 1326 meus

260 1398 322 1471 (Pa.
352 1402 585 1473 tos,10.).-
629 1402 893 1474 Judsuffixiw
921 1407 1459 1489 semperotiatur(0.5s‚2.b·)-
1543 1467 1548 1476 .

362 1555 399 1636 2)
429 1549 534 1615 Haec
562 1565 652 1618 sunt
670 1552 805 1622 suffixa
823 1559 1028 1655 singularia
1049 1586 1117 1630 seu
1138 1585 1224 1629 curn
1244 1560 1464 1628 nominibus
1486 1558 1589 1653 Sing.
1610 1552 1762 1622 numeri
1784 1550 2020 1644 coniungen-

262 1664 305 1731 da
322 1690 331 1746 5
360 1665 461 1731 inter
477 1663 643 1773 lffluralia
669 1683 796 1736 autem
815 1674 979 1745 Nomina
1000 1677 1183 1745 feminina
1202 1692 1352 1744 tanturn
1373 1674 1530 1743 eandem
1550 1670 1763 1766 analogiam
1782 1668 2020 1756 sequuntur,

260 1779 469 1848 masculina
497 1779 601 1848 enim
621 1783 723 1850 Plur.
744 1787 938 1878 recipiunt
962 1793 1099 1861 suffixa
1127 1795 1288 1887 pluralia
1315 1816 1334 1860 a
1362 1790 1621 1886 singularibus
1647 1787 1688 1854 in
1718 1786 1940 1853 universum
1966 1780 2018 1847 ita

261 1895 530 1986 discrepantia,
561 1910 602 1961 ut
623 1900 668 1964 ab
686 1900 771 1986 Jud,
794 1902 1024 1996 plerumque
1047 1899 1348 2002 praecedente',
1388 1907 1594 1997 incipiant,
1634 1902 1737 1993 quod
1779 1898 1931 1992 quidem
1973 1895 2019 1962 ad

256 2026 445 2117 pluralem
474 2027 639 2094 nominis
670 2031 832 2103 formam
861 2039 1049 2128 pertinet,
1075 2043 1259 2110 sedeam
1290 2040 1517 2108 suffixorum
1539 2037 1669 2104 formis
1690 2035 1803 2127 plane
1826 2028 2017 2100 coalescit.

254 2143 360 2208 Haec
382 2141 517 2209 sullixa
536 2144 696 2234 pluralia
718 2169 821 2219 nunc
843 2176 1127 2246 proponamus:

672 2279 762 2358 sing,
1501 2285 1592 2346 Plur.

914 3089 1356 3156 ANNOTATIONES.

338 3253 367 3319 1)
392 3246 515 3306 Omnia
548 3244 663 3304 suffixa
695 3245 734 3303 ad
755 3246 901 3318 formam
924 3256 1144 3303 constructam
1168 3243 1253 3301 Plur.
1278 3259 1323 3296 m.
1346 3217 1380 3306 „¹
1397 3241 1614 3319 recipiuntur,
1628 3256 1754 3302 mutato
1768 3241 2015 3304 solummodo..

244 3361 317 3444 ina
346 3392 421 3438 ante
457 3378 528 3438 suff.
553 3378 681 3457 3Sing.
707 3396 752 3436 m.
775 3390 809 3436 et
830 3388 1016 3456 permutata
1041 3353 1172 3460 vocali⁰
1204 3353 1309 3430 cum‘
1338 3369 1374 3425 in
1398 3368 1470 3428 suli.
1499 3372 1645 3433 eiusdem
1669 3394 1827 3453 personae
1850 3376 1930 3437 iem.
1976 3376 2014 3433 lu

242 3513 354 3571 forma
376 3488 455 3607 „930⁹
484 3511 547 3570 lud
567 3513 691 3572 otiatur
704 3516 746 3588 (ς).
763 3527 814 3586 52,
825 3526 855 3568 s.
865 3506 921 3583 b),
947 3506 1000 3567 He
1024 3526 1100 3567 vero
1126 3505 1311 3565 occultatur
1336 3504 1440 3577 (usq,
1458 3521 1486 3563 s.
1504 3504 1535 3565 b.
1550 3503 1612 3581 β).
1637 3507 1800 3605 Suffixum
1823 3549 1844 3572 a
1874 3528 1887 3569 ι
1922 3509 2014 3589 Siug.

244 3645 383 3704 confluit
419 3660 494 3701 cum
518 3643 640 3723 syllaba
663 3620 707 3725 J,
736 3659 834 3722 quam
866 3641 1017 3718 excipere
1049 3639 1199 3709 deberet,
1230 3641 1275 3697 ita
1299 3648 1336 3695 ut
1359 3647 1433 3694 stat.
1458 3651 1661 3700 constructus
1684 3645 1726 3714 (0.
1751 3649 1816 3719 9ο.)
1839 3656 2013 3705 etnomeu

240 3777 372 3857 plurale
402 3775 579 3839 cunr'sull.
615 3797 626 3834 t
661 3776 750 3855 Siug.
783 3776 880 3854 plane
911 3777 1117 3854 conspirent;
1152 3796 1179 3834 v.
1204 3794 1230 3834 c.
1253 3747 1368 3841 ...Qui
1398 3785 1496 3850 reges
1516 3786 1563 3831 -et
1594 3796 1692 3853 reges
1723 3783 1796 3838 mei.
1842 3778 2013 3841 Interdum

243 3909 298 3969 vel
321 3907 451 3965 Nomen
482 3905 645 3983 singulare
681 3918 713 3965 et
744 3907 780 3963 in
803 3918 875 3965 stat.
899 3908 1001 3967 absol.
1027 3921 1058 3966 et
1083 3927 1158 3967 cum
1182 3909 1300 3967 suffixo
1324 3907 1425 3966 simili
1449 3907 1556 3963 forma
1580 3906 1699 3977 utitur,
1724 3920 1758 3966 ut
1781 3889 1894 3974 „dedo
1923 3909 2011 3966 thro·

246 4048 326 4092 nus,
360 4026 498 4082 thronus
529 4041 619 4080 meus
651 4024 693 4095 (1,
723 4022 876 4092 dunaal,
912 4000 987 4081 cum
1021 4023 1085 4082 hoc
1118 4043 1194 4083 vero
1223 4027 1259 4083 in
1292 4026 1402 4102 paucis
1427 4035 1554 4081 tantum
1581 4021 1736 4080 nomibus
1761 4022 1897 4083 ultimae
1922 4026 2012 4104 quie·

244 4125 365 4185 scentia
390 4123 502 4179 locum
524 4118 646 4191 habere
669 4135 781 4203 queat,
804 4122 975 4202 distinctio
999 4123 1193 4204 plerumque
1216 4144 1285 4185 non
1310 4123 1454 4182 difficilis
1479 4123 1551 4181 erit.

332 4229 361 4292 s)
387 4221 508 4282 Suflixa
540 4219 738 4289 nominalia,
779 4238 862 4300 quae
891 4226 928 4283 in
960 4225 1173 4304 Palmyrenis
1202 4218 1477 4304 inscriptionibus
1510 4223 1571 4283 tibi
1606 4236 1805 4295 occurrunt,
1844 4244 1963 4305 parum
1992 4249 2011 4289 a

247 4324 388 4403 Syriacis
413 4319 592 4387 differunt;
617 4333 653 4379 ut
677 4333 761 4377 *nun
784 4325 853 4381 vita
877 4324 970 4384 illius
992 4325 1103 4392 (inser.
1127 4331 1183 4401 s.),
1206 4320 1283 4384 rtn'ut
1305 4345 1421 4385 nomen
1446 4327 1517 4384 eius
1541 4319 1662 4401 (ibid),
1687 4337 1785 4401 tamn
1798 4323 1876 4403 filii
1898 4349 2011 4390 eorum

244 4441 355 4512 (inser.
379 4445 440 4514 5.),
464 4451 556 4512 tutata
578 4453 678 4516 pater
702 4455 815 4495 aarum
840 4435 964 4510 (ibid),
996 4439 1050 4498 ubi
1072 4455 1085 4500 t
1107 4442 1145 4500 iu
1168 4440 1282 4499 suffixo
1306 4440 1516 4502 desideratur.
1561 4441 1624 4503 Pro
1646 4464 1718 4530 „arn
1746 4432 1887 4522 legimus
1911 4444 2011 4504 etism

242 4588 309 4647 am,
335 4585 372 4632 ut
394 4586 487 4631 amau
506 4572 640 4652 fratres
664 4575 735 4636 eius
759 4568 869 4643 (inser.
893 4571 957 4646 a),
980 4570 1039 4630 ubi
1060 4591 1088 4637 ω
1118 4585 1150 4634 et
1172 4610 1214 4642 a„
1234 4584 1473 4652 permutantur.
