4476 5536
808 375 883 441 Lib.
907 376 948 439 11.
974 373 1053 459 cap.
1077 373 1119 438 11.
1163 372 1226 437 De
1253 370 1397 437 Verbo.

819 823 1018 891 Curvr
1071 812 1478 888 Sacvanuu'

954 986 1032 1047 De
1080 984 1286 1046 Verbo.

999 1214 1243 1234 m

1063 1384 1099 1478 §-
1128 1388 1188 1474 46·
1301 1398 1304 1405 ·

620 1520 700 1571 'De
724 1519 833 1569 verbo
863 1519 899 1568 in
924 1517 1129 1568 arriversum
1160 1494 1593 1583 (primitivo-derivato).

343 1631 390 1696 ln
418 1624 572 1717 Syriaca
596 1622 730 1716 lingua
755 1614 858 1689 haud
879 1621 1027 1705 minus,
1066 1643 1179 1709 quam
1201 1622 1241 1688 in
1261 1621 1421 1711 reliquis
1439 1621 1641 1690 Semiticae
1657 1612 1815 1711 linguae
1835 1590 2005 1689 dialectis

247 1761 362 1833 atque
390 1743 544 1811 easdem
572 1740 620 1808 ob
644 1759 795 1805 caussas
826 1736 1073 1827 praecipuam
1101 1734 1285 1804 orationis
1312 1750 1460 1826 partem
1484 1734 1685 1804 constituit
1715 1732 1906 1821 Verbum,
1939 1734 2002 1827 sy·
2030 1768 2033 1773 ·

246 1879 348 1945 riace
373 1856 484 1958 ldsstq-
547 1873 654 1961 Quae
673 1890 763 1937 voro
787 1869 826 1935 in
846 1869 1067 1936 universam
1089 1867 1135 1935 de
1156 1868 1267 1935 variis
1288 1868 1494 1935 verborum
1515 1865 1792 1956 divisionibus,
1818 1866 2003 1963 significe-
2051 1900 2055 1905 ·

247 1993 355 2059 tione
383 1986 421 2053 et
444 1986 611 2052 flexione
639 1985 712 2051 hoc
738 1984 823 2051 loco
855 1983 1042 2073 disputari
1069 1984 1216 2069 solent,
1255 2006 1299 2050 ea
1322 1984 1449 2051 omnia
1471 1997 1653 2072 tanquam
1674 1997 1766 2054 nota
1784 2007 1805 2051 e
1825 2004 2006 2079 gramma·

248 2108 324 2174 tica
352 2103 528 2171 Hebraea
555 2099 833 2191 praetermitto.
896 2098 1025 2165 Sicubi
1046 2121 1135 2167 vero
1153 2099 1303 2191 Syriaca
1323 2096 1453 2194 lingua
1472 2098 1518 2165 ab
1535 2098 1692 2189 reliquis
1710 2098 1888 2169 dialectis
1908 2121 2016 2169 soro·-

248 2222 316 2291 riis
345 2218 494 2285 diversa
522 2233 589 2283 ειη
617 2229 718 2282 certe
739 2236 817 2281 noa
838 2213 951 2304 plane
970 2213 1187 2281 communia
1207 2213 1402 2303 sequitur,
1439 2237 1555 2305 porro
1579 2217 1645 2283 ubi
1666 2214 1709 2284 ad
1731 2213 1933 2284 universas
1949 2216 2007 2283 Se·

252 2334 376 2405 mitici
403 2330 591 2400 sermonis
618 2330 723 2422 leges
743 2346 783 2394 et
800 2330 950 2420 regulas
971 2329 1122 2419 Syriaca
1138 2327 1425 2396 accommodata
1445 2352 1550 2414 esse,
1580 2354 1657 2400 non
1676 2345 1815 2422 sponte
1833 2316 2018 2423 intelligi?

254 2469 339 2535 tur,
368 2464 407 2513 et
429 2443 688 2512 diversitatem
706 2442 811 2510 illam
829 2443 1021 2537 illustrare
1042 2458 1080 2511 et
1100 2442 1199 2512 hanc
1217 2465 1375 2513 normae
1392 2446 1579 2538 generalis
1600 2446 1912 2515 observationem
1930 2464 2010 2537 pro·

254 2566 346 2633 bare
364 2559 460 2629 mihi
478 2560 517 2626 in
535 2560 662 2627 animo
683 2572 752 2625 est.
832 2616 837 2624 .

363 2680 397 2767 t)
426 2676 464 2744 Si
494 2676 698 2743 verborum
724 2677 903 2772 originem
930 2664 1110 2769 respicis,
1154 2676 1230 2747 duo
1260 2676 1340 2745 eius
1371 2700 1513 2773 genera
1537 2676 1728 2771 reperies:
1769 2678 1961 2772 primitiva
1977 2688 2012 2743 et

256 2796 433 2869 derivata.
486 2790 592 2857 Haec
614 2813 725 2875 vero,
754 2814 842 2859 cum
862 2792 908 2858 ab
930 2791 1013 2859 aliis
1035 2792 1173 2877 verbis,
1201 2809 1268 2859 aut
1285 2794 1333 2859 ab
1353 2794 1573 2862 nominibus
1594 2810 1660 2862 aut
1676 2792 1845 2886 denique
1864 2820 1885 2863 a
1909 2794 2015 2887 parri·-

260 2911 356 2979 culis
382 2919 526 2997 queant
544 2902 736 2991 proficisci
749 2955 760 2992 ‚
796 2906 838 2972 in
860 2920 938 2973 tres
957 2908 1105 2996 species
1127 2907 1438 3000 distinguuntur:
1475 2912 1585 2978 verbo
1604 2911 1786 2998 verbalia,
1811 2910 2018 2985 ‹lettaniae-

262 3030 339 3097 riva
366 3038 403 3087 et
427 3019 743 3113 departicalativa.
806 3022 929 3089 Etiam
954 3020 1056 3110 apud
1081 3022 1194 3111 Syros
1223 3023 1508 3111 primitivorum
1535 3049 1718 3095 numerus
1739 3031 1930 3099 maximus
1954 3044 2021 3107 estc

262 3160 300 3210 et
327 3136 610 3207 denominativa
639 3140 782 3225 pariter
808 3160 850 3203 ac
868 3136 1179 3228 departiculativo
1198 3138 1353 3206 serioris
1376 3140 1553 3209 videntur
1572 3144 1754 3239 originis,
1783 3118 2042 3235 quodetiam·

263 3259 309 3327 de
330 3254 472 3326 nomine
490 3250 653 3320 derivato
677 3251 776 3319 valet
793 3251 845 3345 (§·
866 3256 953 3342 89.).

295 3400 300 3413 ·
365 3372 404 3459 v)
431 3369 553 3436 Verba
580 3367 762 3453 verbalia,
800 3367 858 3435 uti
884 3369 922 3434 in
951 3364 1121 3435 dialectis
1157 3369 1359 3459 affinibus,
1403 3376 1702 3471 coniugatiorrum
1736 3376 1898 3448 nomine
1937 3380 2026 3451 insi·

265 3489 473 3583 gniuntur,
502 3486 605 3575 quod
618 3534 628 3570 ‚
654 3507 873 3576 quanquam
895 3507 973 3553 non
995 3484 1084 3551 satis
1104 3484 1158 3550 rei
1177 3487 1416 3578 significatae
1435 3496 1616 3559 convenit
1634 3498 1688 3580 ¹),
1718 3507 1847 3563 tomen
1869 3497 2028 3569 retineri

263 3616 396 3697 potest
413 3598 466 3689 (§·
488 3604 576 3686 48·).

369 3724 410 3805 ὅ)
438 3714 559 3780 Verba
588 3716 861 3784 denominativa
889 3709 1025 3801 partim
1051 3710 1096 3777 ad
1122 3712 1286 3807 liguram
1313 3716 1447 3787 radicis
1476 3723 1612 3813 partim
1632 3747 1722 3792 vero
1741 3740 1781 3794 et
1805 3730 1967 3821 saepius
1984 3730 2030 3803 td

268 3834 474 3905 verborum
504 3828 760 3899 derivatorum
787 3830 868 3896 sice
888 3826 1204 3919 coniugationum
1223 3831 1384 3900 formam
1410 3839 1607 3908 accedunt.
1660 3840 1714 3907 Ad
1742 3842 2034 3935 illa'pertiaent

269 3944 349 4034 airu
376 3964 566 4033 inauravit
600 3944 730 4039 ain'or'
757 3986 911 4044 aarum,
946 3935 1012 4026 liin
1043 3963 1184 4054 nupsit,
1222 3965 1263 4031 it.
1291 3965 1479 4037 concubuit
1505 3994 1525 4037 a
1553 3964 1619 4037 llo
1649 3977 1824 4062 maritus,
1849 3954 1949 4045 ὼ
1978 3982 2037 4055 de·

271 4100 464 4167 carricavit
489 4118 508 4161 a
533 4074 663 4171 tiezo,
693 4090 742 4179 pl
770 4076 866 4161 lngo
894 4109 1042 4168 cortem
1073 4093 1118 4159 ad
1139 4094 1234 4165 haec
1254 4118 1344 4164 vero
1363 4076 1414 4163 llio
1449 4107 1648 4190 coronavit,
1677 4110 1861 4201 copulavit
1889 4130 1909 4175 a
1935 4088 2037 4185 lisso

273 4252 428 4310 corona,
463 4240 548 4307 nc}-
574 4222 826 4312 supplantavit
853 4242 871 4285 a
899 4206 982 4295 icini
1009 4224 1113 4307 calx,
1151 4241 1233 4313 cong
1260 4228 1444 4297 ordinavit
1471 4254 1490 4297 e
1517 4211 1598 4314 laici
1625 4235 1737 4319 τάξις,
1775 4264 1839 4335 tid-‘³
1865 4244 2036 4317 sacerdo·

273 4366 326 4432 tio
345 4352 498 4457 functus
522 4368 573 4421 cst
602 4374 622 4417 a
647 4331 733 4425 troia
759 4351 946 4439 sacerdos,
973 4336 1038 4417 tvo'
1065 4354 1310 4452 devirginavit
1336 4380 1356 4427 a
1382 4339 1478 4430 vivo
1500 4362 1628 4461 virgo,
1665 4349 1758 4437 »ὼ
1784 4368 2037 4501 decorticavit,

276 4528 619 4559 μ

345 4648 372 4697 r)
393 4638 502 4690 Geteaii
522 4633 649 4703 ladrgeb.
667 4634 713 4685 der
730 4629 801 4683 latr.
823 4632 882 4699 Spr.
902 4636 928 4703 ς.
946 4637 988 4708 67,
1004 4656 1033 4709 p,
1053 4648 1111 4708 ¹33·
