4476 5536
179 404 260 511 'a
721 446 726 466 ·
863 424 1423 513 Paasrasruss

233 631 387 705 tutioni
430 629 582 732 ereptis
615 625 787 701 nonnisi
822 625 1028 703 librorum
1061 651 1274 727 superesse
1309 616 1535 717 auxilium,
1588 626 1709 724 quod
1745 643 1902 715 tamen,
1955 632 1995 711 si

25 761 49 784 ⁸·
81 780 84 789 ’
205 757 300 830 'illi
332 756 545 831 elementis
581 754 680 828 solis
716 766 757 827 et
791 751 915 829 rebus
945 754 1186 851 vulgaribus
1221 751 1430 842 dicantur,
1477 772 1601 851 quam
1635 752 1810 852 par‘vurn
1844 751 1994 838 sitia·
2027 766 2028 771 ’

110 965 147 984 Χ,
233 884 311 958 sile
339 880 606 980 intelligitur.
678 882 744 956 Ne
778 866 879 954 vero
911 881 972 969 ii,
1017 882 1092 977 qui
1126 880 1334 978 Syriacam
1369 881 1554 980 linguam
1589 882 1734 956 callere
1753 883 1994 983 incipiunt,

229 1033 376 1108 magna
402 1025 543 1083 rerum
568 1007 679 1081 mole
712 1006 963 1095 obruantur,
1006 1031 1109 1104 quae
1142 997 1331 1103 ipsorum
1359 1032 1498 1084 caussa
1524 1007 1633 1084 dicta
1660 1025 1776 1098 sunt,
1812 1010 1996 1085 'malmi-
2076 1085 2081 1093 ,

178 1159 185 1170 ·
229 1133 309 1212 bus
337 1135 447 1236 typis
473 1136 664 1233 imprimi
689 1134 850 1225 curavi3
892 1133 1128 1209 minoribus
1155 1155 1254 1206 vero
1284 1148 1355 1207 aut
1380 1142 1626 1234 argumenta
1646 1138 1944 1212 sententiarum
1971 1161 1996 1213 a
2040 1134 2072 1197 f

231 1241 302 1336 me
323 1263 649 1362 propositarum,
691 1275 761 1335 aut
786 1276 1014 1335 accuratam
1041 1262 1104 1335 rei
1130 1255 1376 1335 difficilioris
1403 1264 1725 1365 expositionem,
1762 1278 1832 1338 aut
1861 1264 1996 1348 ratini
2055 1276 2057 1281 ⁴

180 1410 185 1419 ·
233 1413 327 1462 rum
363 1387 592 1466 formarum
626 1387 667 1461 et
689 1388 925 1462 anomaliae·
967 1384 1421 1476 commemorationem
1459 1407 1543 1469 ‘aut
1584 1390 1764 1490 denique
1802 1383 1997 1469 errorum

187 1537 200 1557 ⁴
230 1498 356 1614 vulgo
394 1531 656 1614 receptorum
694 1514 1002 1613 castigationem
1040 1513 1256 1610 discipulis
1300 1512 1624 1613 profectioribus
1669 1535 1710 1590 et
1753 1516 1996 1597 doctoribus

231 1642 417 1759 scriptas:
463 1647 522 1721 Ex
547 1640 628 1715 hoc
653 1663 801 1739 genere
826 1666 911 1714 non
939 1641 1072 1715 solum
1094 1654 1191 1713 sunt
1215 1642 1500 1717 annotationes
1529 1643 1703 1741 singulis
1727 1642 1998 1741 paragraphis

232 1769 459 1866 appositae,
496 1766 687 1842 historici
720 1768 995 1842 iurationem
1029 1767 1268 1864 graviorum
1301 1770 1584 1867 grammatices
1621 1768 1881 1844 decretorum
1915 1783 1998 1873 tra·

111 1915 114 1924 ·
221 1891 474 2002 ⁸ctandorum
501 1895 603 1968 olim
630 1893 855 1970 adhibitam
881 1893 1179 1981 commentarii,
1206 1895 1348 1992 reique
1364 1895 1582 1973 litterariae
1604 1897 1896 1980 enarrationes,
1923 1892 1997 1989 sed

233 2022 353 2095 etiam
379 2037 486 2097 totae
504 2021 747 2122 paragraphi
773 2021 820 2095 in
846 2044 913 2108 ea,
943 2043 1046 2118 quae
1075 2020 1282 2094 tironibus
1309 2045 1394 2095 non
1420 2024 1519 2096 satis
1546 2023 1667 2096 utilia
1691 2037 1762 2096 aut
1789 2017 1998 2121 superflua

232 2147 452 2238 ridentur,
490 2145 981 2247 'profectioribuscontra
1006 2148 1147 2246 ignota
1175 2169 1370 2224 essenon
1397 2145 1570 2237 debent,
1616 2155 1665 2223 eir
1691 2146 1840 2224 ordine
1867 2161 1997 2247 syste-

106 2287 112 2293 '
192 2338 208 2354 .
230 2276 350 2349 mstis
377 2276 583 2374 propositi
609 2287 939 2356 commentantes.
1006 2277 1122 2374 Quae
1156 2297 1251 2346 cum
1283 2274 1341 2347 ita
1373 2296 1418 2348 se
1453 2273 1650 2365 habeant,
1701 2275 1851 2375 accipis
1884 2272 1996 2348 libro

231 2406 326 2478 meo
353 2417 393 2475 et
416 2393 652 2476 breviorem
677 2424 819 2476 rerum
854 2400 1062 2475 tironibus
1088 2398 1410 2481 necessariarum
1442 2399 1769 2482 delineationem
1804 2416 1844 2476 et
1869 2400 2006 2479 simul
2030 2496 2037 2507 Ι

235 2531 443 2629 copiosam
463 2530 655 2604 omnium
681 2527 972 2627 grammatices
991 2527 1170 2626 partium
1197 2527 1511 2625 expositionem
1826 2509 1830 2514 ⁵

159 2696 163 2708 ·
222 2683 226 2700 ·
285 2719 291 2738 ‚
334 2661 393 2731 Ex
411 2645 578 2733 iudicio
600 2655 961 2754 grammaticorum
995 2653 1176 2753 optimae
1210 2668 1356 2744 notas,
1389 2656 1429 2730 si
1461 2657 1555 2754 quis
1581 2657 1626 2731 in
1653 2658 1739 2732 sola
1767 2651 1998 2732 formarum

232 2782 598 2883 grammaticalium
631 2778 871 2855 recensione
910 2797 952 2853 et
985 2779 1232 2880 probatione
1266 2795 1474 2868 versatur,
1523 2777 1657 2857 officio
1691 2802 1766 2857 suo
1798 2764 1998 2862 satisfacit

233 2910 352 2985 nullo
378 2923 518 3007 pacto;
567 2908 708 3004 itaque
759 2930 863 3005 quae
907 2907 1148 2981 inveneram
1199 2905 1473 2994 illustrarem„
1515 2931 1742 3006 eorumque
1791 2910 1999 3009 originem
2094 2900 2096 2915 ¹

235 3049 443 3112 etnexurn
463 3058 558 3109 cum
585 3034 703 3135 aliis,
719 3057 823 3132 quae
847 3034 894 3107 in
912 3033 1106 3107 notitiam
1132 3048 1358 3119 venerunt,
1388 3033 1554 3133 linguae
1580 3036 1901 3135 proprietatibus
1926 3033 1998 3117 de·

232 3178 504 3265 monstrarem
528 3162 692 3237 necesse
719 3175 816 3234 erat.
870 3162 960 3260 Qua
988 3160 1033 3234 in
1059 3182 1104 3233 re
1131 3159 1304 3235 omnino
1345 3157 1465 3234 facile
1505 3159 1692 3236 aberrare
1728 3186 1751 3234 a
1784 3162 1853 3235 via
1888 3174 2000 3235 recta

235 3306 351 3393 potes
378 3305 420 3363 et
444 3272 694 3388 opinionum
719 3299 1109 3386 praeconceptarum
1134 3283 1313 3358 dumetis
1352 3283 1553 3376 detineri,
1595 3286 1711 3384 quod
1750 3287 2036 3392 recentiores·

211 3418 453 3505 nonnulli,
503 3415 579 3513 qui
610 3415 657 3489 in
692 3411 814 3488 laude
848 3413 1038 3498 Gesenfi,
1084 3410 1232 3511 procul
1263 3409 1395 3484 dubio
1439 3409 1673 3485 felicissimi
1712 3415 2000 3509 grammaticae
2089 3415 2095 3427 '

104 3605 109 3615 ,
236 3544 457 3623 Hebraicae
474 3538 777 3626 reformatoria,
803 3535 1062 3616 detrectanda
1087 3539 1243 3613 mirum
1269 3537 1316 3611 in
1341 3533 1516 3618 modum
1542 3535 1622 3612 sibi
1647 3537 1830 3636 placent,
1851 3556 1898 3615 et
1923 3564 1999 3620 no·
2031 3564 2034 3580 ²

235 3669 365 3747 randi
390 3667 527 3745 studio
553 3667 740 3766 prorepti
763 3665 908 3739 omnia
932 3663 1119 3763 ipsorum
1146 3661 1379 3739 luminibus
1407 3663 1609 3738 illustrari
1620 3688 1744 3768 posse
1763 3667 1999 3766 opinantur,

232 3800 333 3876 satis
360 3803 569 3896 superque
594 3816 670 3895 suo
696 3805 978 3868 monstrarunt
1003 3791 1190 3890 exemplo
1198 3817 1209 3880 ;
1244 3787 1317 3864 sed
1343 3791 1535 3866 cautione
1560 3806 1600 3865 et
1627 3793 2000 3890 circumspectione

237 3925 288 4001 ab
314 3925 431 4002 omni
456 3920 625 4023 pruritu
650 3934 692 3995 et
709 3918 935 3994 temeritate
954 3919 1374 4008 alienia-sinceritate
1395 3936 1528 3993 ranae
1548 3918 1702 4018 gloriae
1718 3917 1831 3994 haud
1856 3918 1999 4007 indul·
2039 3930 2046 3938 ’

237 4066 380 4154 gente,
413 4074 542 4161 quag,
578 4062 762 4124 nostram
796 4046 1077 4145 cognitionem
1114 4069 1303 4121 mancam
1334 4069 1426 4119 esse
1453 4044 1584 4146 probe
1612 4048 1769 4134 sciens,
1795 4045 1873 4121 ubi
1912 4048 2028 4154 nou

234 4180 400 4257 invenit
434 4173 546 4274 quod
578 4174 802 4274 probetur,
840 4173 1117 4272 ignorantiam
1152 4171 1281 4245 libere
1323 4168 1566 4272 profitetur,
1607 4169 1721 4249 tutus
1758 4194 1846 4245 esse
1876 4189 1998 4274 potes

238 4304 498 4391 suasoribus,
532 4300 769 4377 auctoribus
796 4313 837 4372 et
861 4298 1051 4375 ducibus.
1118 4301 1260 4396 Itaque
1296 4323 1383 4372 non
1419 4301 1547 4376 semel
1580 4298 1829 4398 opinionem·
1850 4322 1998 4392 meam,
2078 4295 2082 4302 '

238 4433 316 4510 ubi
338 4430 536 4507 audacius
563 4428 692 4527 egisse
717 4425 826 4501 mihi
857 4425 1048 4513 videbar,
1091 4425 1262 4500 reiicere
1296 4439 1367 4500 aut
1393 4440 1551 4504 certes
1587 4425 1868 4524 publicatione
1899 4429 1998 4503 reti·

236 4585 336 4636 nere
361 4558 510 4663 malui,
556 4577 680 4652 quam
704 4553 929 4665 sagacitatis
956 4553 1174 4655 gloriolam
1200 4566 1363 4654 captans
1397 4555 1446 4629 in
1480 4552 1782 4651 explanationis
1817 4554 1997 4632 incertae

30 4677 37 4685 ’
125 4693 137 4705 '
240 4685 353 4763 abire
379 4686 459 4759 iter
484 4682 665 4759 devium.
