4530 5544
555 370 590 465 §J
609 402 661 462 4⁸.
708 384 893 448 Pranosnm
913 381 1094 464 personale
1122 379 1156 454 b)
1181 377 1362 463 suffixum,
1391 382 1573 460 praecipue
1601 376 1709 440 Verbi.
1938 373 2011 457 257

325 571 358 647 5)
377 549 581 669 §³10th
609 565 655 627 ita
679 585 697 626 a
720 549 802 665 Kn'saq
831 576 965 658 “eli''
992 562 1168 638 differunt,
1201 578 1240 624 ut
1270 564 1468 649 plerumque
1491 564 1569 624 Aac.
1600 562 1787 643 exprimant
1809 571 1842 621 et
1863 576 1923 640 pro
1945 558 2011 619 sui·

240 703 314 765 lixis
346 705 389 776 (ὓ.
410 703 475 776 42.)
504 698 653 776 5Plur.,
686 695 804 776 quitus
835 696 909 774 Syri
941 708 1073 769 carent,
1111 711 1325 778 usurpentur,
1367 719 1393 758 e.
1429 717 1456 759 c.
1487 681 1570 798 k<itaq
1606 669 1673 788 0³3
1694 697 1861 759 miserunt
1892 693 1945 754 illi
1974 704 2007 751 st

242 822 313 932 kdata
343 810 410 925 033
438 833 598 893 miserunt
619 830 714 898 illust
739 843 773 888 et
797 827 939 909 denique
961 827 1154 906 saepissime
1178 828 1314 890 verbum
1340 830 1496 891 substant
1520 829 1699 909 suppleant.

325 949 357 1021 6)
384 947 565 1037 Zabiorurn
588 947 789 1024 pronomina
811 946 933 1026 partim
957 945 1148 1022 conspirant
1171 965 1248 1006 cum
1268 944 1419 1025 Syriacis,
1443 958 1481 1006 ut
1504 959 1566 1006 utu
1592 965 1666 1023 ego,
1688 956 1751 1019 tun
1774 953 1804 1000 et
1827 951 1914 1017 mnu
1935 958 2005 1012 nos,

240 1063 312 1128 ttnu
335 1068 410 1119 uos,
444 1059 481 1106 tn
503 1059 537 1105 et
558 1058 618 1106 sttn
642 1047 709 1120 ille,
733 1057 809 1122 pann
832 1045 902 1118 illi,
925 1044 1046 1124 partim
1069 1043 1109 1102 ad
1131 1043 1272 1104 aliarum
1296 1044 1513 1107 dialectorum
1535 1048 1656 1107 formas
1682 1039 1815 1123 propius
1837 1037 2007 1110 secedunt,

241 1163 280 1211 ut
303 1162 371 1207 unu
396 1161 429 1207 et
452 1158 537 1205 nutu
556 1147 606 1221 ¹0)
638 1160 685 1208 tu.
738 1145 776 1205 In
803 1144 1119 1223 carpentoractensi
1152 1157 1186 1204 et
1207 1145 1422 1224 Palmyrenis
1444 1143 1719 1229 inscriptionibus
1739 1138 1941 1220 pronomina
1958 1155 2008 1196 ss·

241 1261 363 1329 parata,
385 1248 524 1307 sirecte
546 1245 708 1319 memini,
731 1264 801 1306 non
823 1244 1050 1306 inveniuntur.

1048 1397 1085 1491 S·
1139 1416 1200 1487 4⁹·

581 1531 780 1582 Pronamsn
805 1528 1004 1595 personale
1047 1529 1295 1597 locusticum,
1325 1535 1526 1596 praecipue
1560 1531 1675 1584 Verbi.

348 1655 384 1753 ι)
416 1648 550 1719 Forma
571 1645 853 1718 Pronominum
879 1646 1132 1735 suffixorum,
1160 1669 1258 1736 quae
1279 1652 1464 1740 separatis
1485 1650 1675 1746 originem
1694 1643 1893 1730 deb'ont'),
1919 1661 2006 1732 par·

245 1765 314 1835 tim
336 1787 415 1834 uon
438 1765 483 1834 ab
508 1786 574 1851 ea,
602 1785 702 1853 quae
721 1784 825 1832 nunc
844 1761 887 1830 in
904 1785 977 1831 usu
996 1777 1075 1848 est,
1102 1764 1342 1854 pronominis
1358 1766 1495 1852 forma,
1513 1768 1580 1836 sad
1598 1768 1645 1834 ab
1661 1764 1834 1836 obsoleta
1854 1773 1894 1828 et
1908 1756 2006 1826 anti·

245 1899 358 1974 qnata
391 1882 636 1951 oboriuntur.
701 1879 826 1970 Quam
861 1898 942 1947 ram
982 1880 1236 1969 probat.cum
1272 1881 1525 1952 dialectorum
1554 1895 1803 1977 cognatarum
1831 1871 2007 1966 analogia

244 2014 327 2066 tum
356 1995 542 2066 nonnulla
566 1994 703 2063 harum
730 1992 940 2080 {otmarum
969 1994 1008 2060 in
1033 1995 1203 2064 dialectis
1237 1999 1410 2092 vestigia.
1475 2002 2004 2090 Itaquepronomenupars.

246 2132 338 2200 olim
373 2135 493 2198 nont
521 2126 589 2197 sed
613 2156 655 2214 ,a
682 2126 866 2218 scriptum
892 2125 1012 2196 fuisse
1040 2127 1192 2196 videtur
1224 2122 1299 2219 ‚ab
1327 2125 1429 2220 aad,
1458 2116 1548 2227 k0:341
1578 2145 1616 2200 et
1631 2113 1746 2223 «33],
1775 2124 1875 2194 unde
1907 2122 2005 2189 eius·

246 2264 332 2331 dem
350 2275 537 2353 personae
555 2263 693 2329 suffixa
719 2298 757 2345 γ,
786 2287 845 2341 ω,
872 2238 931 2354 ῥυ
957 2274 996 2328 et
1011 2290 1073 2356 (Δ
1091 2261 1374 2352 prolectasunt.
1390 2264 1470 2330 Alia
1483 2265 1618 2331 suffixa
1630 2264 1756 2330 minus
1769 2261 1814 2327 ad
1827 2258 2006 2325 usitatam

248 2407 510 2490 separatorum
532 2393 709 2478 formam,
736 2389 913 2482 quemad
935 2392 1123 2463 Hebraica
1147 2393 1348 2479 accedunt,
1370 2410 1412 2462 ut
1429 2396 1515 2463 suff.
1539 2418 1675 2488 rpers.
1703 2433 1724 2457 a
1753 2407 1793 2459 et
1823 2414 1866 2455 us
1903 2407 1945 2459 τ.-
1976 2392 2002 2477 l,

250 2531 288 2584 et
303 2518 348 2606 ll,
377 2510 449 2580 alia
469 2531 551 2577 eam
571 2508 728 2599 quidem
745 2506 958 2597 respexisse
981 2509 1174 2598 videntur,
1194 2508 1260 2578 sed
1280 2523 1369 2601 post
1386 2509 1575 2605 originem
1594 2512 1704 2603 quasi
1726 2510 2009 2588 oblitterarunt,

249 2645 394 2717 utsufs.
413 2663 436 2730 5
457 2664 555 2733 pers.
583 2662 630 2730 tn,
659 2639 775 2708 etium
798 2656 851 2703 ωσι
876 2652 915 2706 et
938 2663 1007 2706 suso
1036 2641 1241 2732 scriptum,
1268 2622 1336 2737 &dos
1363 2657 1507 2736 eteros..

264 2825 266 2829 .
351 2767 389 2851 a)
413 2759 521 2827 Haec
547 2754 777 2848 pronomina
803 2755 999 2847 decurtata
1029 2780 1114 2826 cum
1141 2759 1290 2844 verbis,
1324 2759 1543 2826 nominibus
1571 2772 1611 2826 et
1638 2756 1835 2848 particulis
1862 2753 1904 2822 in
1927 2753 2006 2823 stne

251 2880 554 2972 coniunguntur,
573 2893 644 2940 nec
666 2872 706 2939 in
727 2870 859 2960 quavis
878 2870 1014 2942 harum
1035 2873 1353 2945 coniunctionum
1374 2873 1532 2941 eandem
1551 2874 1742 2965 recipiunt
1758 2871 2007 2967 significatio·

249 3036 351 3083 narn.
406 3004 556 3076 Etenim
586 3004 711 3072 verbis
743 3027 888 3110 annexa
916 3012 1169 3080 accusativum
1194 3008 1434 3099 pronominis
1461 3006 1630 3075 indicare
1650 3009 1789 3091 solent,
1816 3020 1860 3072 ut
1886 2979 2008 3085 agdo

251 3121 464 3224 interfecisti
479 3145 547 3206 me,
568 3118 789 3190 nominibus
809 3144 900 3193 vero
920 3124 1125 3194 coniuncta
1144 3127 1348 3226 genitivum
1364 3124 1606 3220 significant,
1634 3140 1672 3192 et
1687 3126 1808 3192 vicem
1825 3126 2009 3217 pronomi-

250 3285 342 3333 num
388 3257 668 3350 possessivorum
712 3254 917 3345 supplent,
959 3273 1002 3323 ut
1035 3236 1146 3324 a&
1177 3281 1242 3330 rex
1271 3281 1392 3342 meus,
1436 3258 1633 3346 particulis
1664 3257 1830 3346 denique
1861 3255 2008 3324 adiecta

247 3399 419 3466 iormaut
447 3399 709 3480 separatorum
738 3409 898 3455 suorum
927 3410 1057 3476 casus,
1094 3404 1136 3456 ut
1170 3386 1230 3453 A
1258 3387 1346 3457 mihi
1373 3401 1412 3456 et
1435 3412 1504 3461 me.
1572 3391 1619 3458 In
1655 3390 1878 3458 universum
1911 3390 2008 3458 haec

251 3515 400 3582 diversa
427 3504 654 3574 suffixorum
672 3525 831 3571 munera
853 3503 975 3573 forma
993 3527 1072 3574 non
1090 3505 1377 3601 significantur,
1413 3528 1632 3598 quanquam
1650 3507 1754 3599 quod
1779 3507 1881 3577 inter
1900 3502 2008 3577 casus
2070 3580 2088 3598 Ι,

250 3641 378 3698 rectos
403 3638 441 3692 et
459 3621 637 3712 obliquos
665 3619 879 3688 intercedat
902 3619 1121 3708 discrimen,
1148 3620 1250 3714 Syris
1277 3645 1357 3691 non
1376 3625 1554 3719 ignotum
1570 3624 1654 3693 luit.
1708 3627 1794 3696 Hoc
1815 3624 1856 3693 in
1875 3648 2011 3694 caussa

251 3759 332 3829 est,
361 3739 462 3831 quod
491 3739 531 3806 in
562 3759 577 3804 ι
606 3736 710 3830 Sing.
742 3737 923 3805 suffixum
951 3739 1118 3808 nominis
1138 3753 1177 3807 et
1195 3740 1301 3808 verbi
1318 3741 1441 3810 forma
1459 3765 1616 3832 quoque
1637 3741 1841 3830 differunt,
1868 3763 2008 3831 nempe

256 3895 366 3947 casus
390 3869 571 3956 obliquus
594 3865 696 3953 (suff.
712 3871 832 3955 nom.)
860 3909 896 3947 a,
925 3886 1051 3938 rectus
1071 3894 1161 3940 vero
1183 3874 1286 3958 (suli.
1306 3875 1429 3961 verbi)
1456 3894 1498 3935 us
1530 3875 1701 3963 requirit.

358 3991 398 4075 5)
424 3985 616 4054 Numerus
642 3979 870 4050 suffixorum
897 3985 987 4052 satis
1015 4007 1177 4079 magnus
1204 4003 1280 4074 est,
1315 3989 1521 4081 praecipue
1547 3989 1586 4054 in
1616 4009 1629 4054 ι
1659 3989 1761 4084 Sing.
1789 4001 1827 4055 et
1847 3988 1949 4056 Plur.
1970 4003 2009 4056 et

253 4107 404 4199 58ing.
429 4123 479 4169 m.
550 4099 790 4190 Quanquam·
812 4098 976 4190 plurima
1014 4103 1232 4191 verborum,
1259 4104 1461 4175 nominum
1488 4120 1528 4174 et
1552 4103 1829 4196 particularum
1858 4106 2008 4195 suffixa,

256 4220 460 4318 quodiam
488 4216 681 4283 monitum
710 4227 789 4298 est,
824 4217 1066 4308 conspirant,
1101 4218 1322 4315 singulatim
1353 4240 1481 4293 tamen
1506 4246 1551 4290 ea
1575 4221 1902 4314 contemplemur,
1930 4246 2007 4316 quo
2085 4300 2090 4305 ,

255 4338 424 4435 penitius
445 4328 737 4423 perspiciantur.
790 4330 924 4420 ltaque
942 4334 1109 4423 primum
1125 4335 1339 4409 Verborum
1356 4340 1492 4410 suffixa
1510 4340 1672 4410 habeto:

263 4505 606 4541 μ

333 4618 376 4680 ιο)
397 4609 547 4701 Seseudls'ns'
563 4609 706 4676 leytsam
723 4617 777 4661 est.
789 4607 824 4660 t.
836 4609 865 4660 V.
878 4624 906 4678 p.
921 4625 960 4674 u„
974 4618 1002 4661 et
1012 4609 1093 4665 tlibi.
1252 4617 1277 4681 s)
1299 4617 1407 4671 Gesens‘i
1423 4619 1567 4690 lalsrgsb.
1586 4623 1637 4676 der
1652 4622 1734 4678 hebr.
1753 4624 1815 4697 Spr.
1837 4627 1863 4695 ς.
1884 4642 1927 4698 57.
