4530 5544
201 404 361 470 rar·
605 432 611 439 1
741 384 1340 478 'JPaaaaar'ru

1097 526 1107 559 b

229 684 234 691 ι
301 596 433 695 Quam
452 589 668 663 ‘rationem
694 588 741 664 in
764 592 844 664 hoc
879 590 991 667 libro
1029 588 1249 664 scribendo
1287 603 1448 666 secutus
1482 593 1582 684 sim,
1623 605 1767 700 paucis
1802 606 2006 694 demon·-

200 718 415 804 strandum
441 718 546 791 erit·
604 718 900 815 Etenimquae
941 715 1139 792 Gesenius
1171 717 1217 789 in
1248 719 1512 815 grammatica
1548 724 1770 806 Hebraicae
1805 732 1970 840 linguae

112 835 116 853 '
196 846 348 943 maiori
376 859 414 918 et
440 845 639 919 Silvester
665 844 717 917 de
744 844 857 941 Sacy
881 845 928 917 in
954 843 1124 918 Arabica
1149 846 1464 942 praestiterunt,
1509 873 1577 939 ea,
1621 870 1668 929 ut
1694 884 1799 957 quae
1824 867 1970 944 volae.

139 974 156 985 ”
198 972 313 1061 rim,i
332 995 498 1070 ngenue
526 957 664 1059 fatear,
692 972 879 1070 Syriacae
907 971 1093 1069 linguae,
1122 970 1249 1044 nimis
1277 969 1352 1045 diu
1369 967 1597 1072 neglectae,
1627 1007 1862 1087 comparare
1879 1018 1969 1070 ma·

196 1101 411 1199 ximopere
436 1098 589 1173 studui.
644 1102 848 1196 Magnum
874 1122 970 1172 sane
997 1123 1102 1197 opus
1131 1112 1171 1170 et
1190 1097 1387 1216 arduum,
1422 1102 1553 1178 nimia
1580 1103 1752 1186 fortasse
1778 1116 1966 1199 audacia!

198 1223 281 1303 Sed
306 1226 527 1325 praecipua
553 1227 626 1298 illa
653 1218 845 1324 exempla
863 1212 1090 1322 adspi‘rasse
1117 1248 1278 1323 semper
1304 1225 1476 1304 iuvabit.
1529 1235 1578 1306 In
1605 1234 1853 1326 adornandis
1870 1248 1968 1331 ,sirr-
2017 1232 2024 1240 ⁸

197 1353 307 1454 gulis
333 1351 477 1440 rebus,
514 1376 618 1448 quae
644 1349 873 1425 tractandae
900 1366 1034 1439 erant,
1069 1376 1288 1448 earumque
1316 1352 1461 1428 ordine
1489 1363 1657 1437 Gesenii
1683 1370 1856 1468 vestigia
1876 1369 1966 1449 fere

144 1468 149 1475 ⁸
194 1479 353 1576 ubique
368 1480 522 1578 pressi,
550 1503 647 1554 cum
669 1492 839 1577 propter
864 1477 1068 1552 rationem
1095 1476 1346 1575 mihiquem
1370 1484 1549 1573 maxime
1573 1489 1838 1587 arridentem,
1867 1513 1974 1590 tum,

196 1606 310 1704 quod
343 1606 458 1680 illius
494 1604 783 1706 grammaticas
816 1629 839 1715 a
872 1604 1064 1703 plurimis
1099 1603 1314 1683 hebraicae
1353 1606 1519 1707 linguae
1567 1615 1796 1696 cultoribus
1840 1646 1964 1701 usur·

127 1835 144 1851 ⁵
194 1735 290 1834 pari
314 1731 427 1808 haud
451 1731 702 1833 ignorabam.
766 1732 849 1834 Qui
883 1754 982 1804 vero
1017 1746 1159 1804 nostro
1194 1745 1380 1831 tempore
1416 1710 1624 1834 Syriacam
1658 1743 1844 1844 linguam
1880 1717 1964 1828 sibi
2049 1757 2053 1763 '

197 1875 369 1936 sumunt
396 1858 654 1947 discendam,
706 1857 741 1931 ii
785 1854 872 1932 fere
903 1882 1046 1932 omnes
1083 1857 1306 1932 Hebraicae
1343 1862 1601 1959 aliquamdiu
1635 1894 1801 1970 operam
1837 1901 1961 1953 nava·
2072 1942 2075 1958 r

193 2003 295 2082 runt
320 2001 391 2060 aut
416 1999 526 2060 certe
551 2000 598 2059 ut
623 1985 838 2073 neverint,
874 1984 1102 2086 optandum
1130 2000 1202 2060 est.
1265 1987 1365 2062 Non
1393 1986 1617 2068 defuerunt
1643 2000 1841 2092 omnino,
1887 2007 1962 2102 qui
2036 1996 2046 2025 ³

194 2115 313 2200 aliter
338 2112 415 2187 hac
442 2110 494 2190 de
519 2136 563 2188 re
590 2110 826 2202 statuerent,
853 2128 893 2188 et
920 2114 1211 2190 Semiticarum
1237 2114 1476 2213 linguarum
1503 2118 1811 2200 institutionem
1837 2153 1861 2202 a
1885 2132 1961 2230 Sy·

127 2299 162 2349 ·.
194 2242 306 2316 riaca
340 2240 497 2314 vellant
531 2239 684 2340 incipi,
732 2240 843 2315 inter
885 2265 989 2339 quos
1032 2242 1209 2327 eminuit
1243 2243 1279 2315 Ι.
1306 2242 1367 2316 D.
1403 2241 1617 2320 Michaelis
1639 2247 1703 2341 *),
1749 2250 1822 2326 sed
1856 2277 1961 2350 quae
2066 2282 2070 2286 ·

65 2442 68 2451 ,
191 2382 364 2469 propter
416 2363 655 2443 facilitatem
703 2367 831 2445 huius
859 2367 1024 2468 linguae
1050 2369 1278 2468 speciosam
1320 2366 1371 2442 de
1415 2371 1504 2445 eius
1546 2372 1687 2448 studio
1734 2379 1957 2458 Hebraicae

191 2496 360 2594 linguae
385 2494 639 2568 institutioni
674 2489 952 2593 praecedente
976 2493 1059 2569 sibi
1092 2494 1344 2592 promittunt
1378 2497 1614 2588 commoda,
1655 2503 1832 2580 minoris
1867 2532 1957 2584 mo·

189 2621 344 2708 menti,
387 2644 442 2693 ne
474 2618 609 2699 dicam
642 2622 816 2696 omnino
860 2646 967 2694 vana
1001 2636 1141 2707 sunt,
1171 2643 1267 2695 cum
1301 2628 1529 2719 permultae
1562 2628 1722 2726 Syriaci
1755 2635 1956 2711 sermonis

98 2843 109 2855 1
190 2745 350 2826 formae
391 2772 438 2825 ac
471 2748 742 2847 proprietates
783 2748 955 2822 nonnisi
1001 2747 1197 2822 Hebraici
1241 2751 1543 2847 comparatione
1584 2750 1763 2829 feliciter
1796 2760 1958 2856 possint

189 2862 391 2952 illustrari
417 2889 457 2948 et
481 2856 688 2974 explicari.
743 2877 856 2975 Quae
884 2897 979 2947 cum
1005 2872 1059 2946 ita
1084 2875 1182 2961 sint,
1209 2876 1484 2951 necessarium
1509 2877 1617 2957 mihi
1642 2878 1880 2975 videbatur,
1902 2902 1957 2963 ut

188 3004 394 3106 plurimos
421 3001 519 3077 libri
542 3003 625 3077 mei
651 3002 825 3084 lectores
853 3000 1075 3077 Hebraicae
1116 3001 1281 3099 linguae
1317 3026 1462 3100 gnaros
1490 3029 1696 3082 sumerem
1721 3024 1761 3083 et
1787 3010 1840 3085 ad
1866 3026 1956 3088 eam
2027 3074 2033 3086 ,

57 3186 65 3196 .
187 3131 317 3206 huius
344 3130 509 3229 liuguae
535 3127 861 3228 grammaticam,
907 3152 1010 3224 quae
1046 3128 1236 3201 omnium
1264 3128 1454 3203 manibus
1481 3148 1686 3219 versatur,
1736 3135 1955 3235 diligenter

188 3258 464 3341 adverterem,
511 3257 811 3353 nequisquam
839 3253 987 3329 ordine
1013 3268 1083 3326 aut
1107 3254 1309 3330 tractandi
1332 3256 1491 3330 ratione
1526 3274 1682 3335 mutata
1716 3261 1975 3349 turbaretur

186 3387 314 3482 inque
341 3407 562 3484 progressu
588 3380 872 3457 retardaretur.
928 3384 1041 3483 Quae
1067 3404 1132 3454 res
1161 3406 1212 3456 ne
1251 3381 1303 3454 iis
1343 3381 1512 3475 quidem
1550 3380 1690 3497 afferet
1725 3389 1954 3488 quidquam
1998 3401 2004 3409 “

186 3511 446 3596 detrimenti,
482 3512 519 3585 si
546 3510 621 3607 qui
647 3509 826 3581 aliorum
851 3508 1038 3580 virorum
1072 3505 1337 3578 institutione
1372 3505 1418 3578 iu
1451 3505 1663 3584 Hebraicis
1699 3514 1762 3587 uti
1794 3499 1977 3616 praefe(

183 3656 292 3731 rant3
329 3664 426 3713 nam
452 3637 526 3710 alii
550 3658 690 3709 rerum
716 3630 1020 3706 tractandarum
1048 3631 1200 3705 rationi
1226 3644 1407 3704 assuetos
1446 3632 1621 3731 simplex
1657 3638 1760 3713 ordo
1795 3657 1834 3716 et
1865 3639 1952 3720 for-

183 3794 272 3856 ma,
302 3745 551 3864 conspectus
580 3761 865 3860 grammaticae
892 3758 1142 3858 praemissus
1181 3771 1221 3829 et
1254 3755 1381 3832 Iudex
1418 3758 1647 3858 tripartitus
1674 3769 1857 3845 multum
1883 3769 1952 3846 ad·

128 3952 131 3971 ,
184 3895 402 3970 iuvabunt.

288 4024 463 4106 Omnes,
509 4017 584 4116 qui
617 4017 912 4103 innotuerunt,
956 4012 1087 4089 libros
1114 4010 1220 4088 hanc
1248 4036 1336 4087 rem
1362 4028 1575 4092 tractantes
1604 4014 1692 4094 fere
1717 4023 1764 4097 in
1790 4023 1949 4097 cunctis

183 4146 471 4250 grammaticae
511 4142 699 4241 partibus
747 4142 929 4241 inspexi,
984 4155 1024 4213 et
1060 4140 1096 4213 si
1141 4138 1243 4235 quid
1282 4139 1531 4236 praebebant
1562 4145 1686 4235 boni,
1733 4147 1781 4218 in
1805 4170 1949 4225 meum

181 4299 308 4351 usum
350 4269 557 4357 converti,
606 4267 683 4341 ubi
723 4291 823 4343 vero
865 4267 974 4341 mihi
1014 4290 1102 4342 non
1143 4263 1465 4359 satisfaciebant,
1511 4296 1614 4370 quae
1648 4271 1816 4349 deerant
1841 4274 1946 4352 meis

185 4446 530 4477 *

247 4557 273 4617 ’)
294 4530 519 4628 ‘Abhandlung
537 4569 598 4614 uon
617 4550 672 4608 der
692 4550 857 4630 Syristlten
877 4547 1010 4627 Spretis
1026 4539 1096 4611 md
1113 4547 1215 4609 ibrum
1235 4549 1404 4610 eetrauct.
1438 4552 1463 4620 §.
1483 4555 1508 4609 4.
