4530 5544
389 478 395 493 ⁴
518 352 544 437 ⁸'
767 380 1264 469 Paausarro‘.
1372 434 1375 436 -
1717 456 1752 504 Ν,
1840 414 1974 481 11·

119 656 125 663 .
237 596 349 697 Quae
366 613 467 664 ame
483 590 698 663 mutata-et
722 599 840 666 aucta
867 599 940 660 aut
964 584 1150 683 primum
1172 585 1383 685 proposita
1410 585 1521 674 siut,
1555 598 1741 679 nonest,
1778 591 1891 691 qued

121 717 321 796 bocleco
339 717 578 818 singulatim
596 711 796 788 indicem.
845 713 1009 787 Etenim
1032 734 1080 784 ea
1105 737 1193 786 non
1217 727 1302 786 tam
1327 738 1457 814 pauca
1482 737 1570 786 esse
1596 697 1891 818 mihi‘persua-

133 850 229 924 sum
241 860 328 933 est,
354 861 403 922 ut
423 847 552 918 lector
574 834 805 917 benevolus
824 853 1000 935 nequeat
1014 852 1121 912 certe
1138 852 1296 937 partem
1314 815 1459 915 eorum
1475 836 1672 914 facillime
1685 845 1891 942 invenire,
1927 912 1932 919 .

134 974 354 1075 praecipue
380 974 417 1046 si
442 971 635 1058 brevem,
679 991 759 1066 qua
784 966 967 1074 plurima
1002 966 1288 1064 grammaticae
1321 968 1451 1067 capita
1484 970 1712 1067 incipiunt,
1745 998 1894 1073 narra.
1953 993 1972 1028 τ

131 1101 293 1177 tionem
320 1100 429 1184 eius,
469 1094 583 1195 quod
609 1093 659 1169 ab
687 1094 779 1166 aliis
805 1092 1050 1192 praestitum
1082 1106 1164 1180 est,
1207 1117 1305 1166 cum
1338 1119 1430 1171 mea
1464 1120 1604 1169 rerum
1641 1100 1895 1197 expositione
1932 1147 1946 1174 .

134 1229 376 1328 corripuere
410 1224 603 1298 voluerit.
664 1220 860 1320 Exempla
894 1244 919 1292 a
949 1241 1018 1293 me
1052 1219 1215 1314 laudata
1250 1221 1299 1293 in
1332 1245 1428 1295 eum
1463 1219 1673 1313 ordinem,
1698 1248 1800 1322 ,quo
1835 1229 1893 1319 le,-

132 1370 309 1456 guntur,
343 1374 451 1426 ⁴non
494 1348 735 1425 inconsulto
781 1343 941 1443 redegi,
1000 1344 1074 1418 sed
1115 1344 1274 1440 ubique
1316 1345 1480 1420 lectoris
1524 1371 1625 1422 usus
1657 1353 1767 1427 mihi
1802 1351 1923 1431 ante¹

131 1481 278 1557 ocutos
305 1478 555 1553 versabatur.
608 1479 750 1572 ltaque
775 1468 1074 1567 alphabeticum
1100 1469 1313 1556 ordinem,
1356 1469 1433 1547 ubi
1467 1496 1534 1548 res
1568 1475 1659 1573 ipsa
1692 1490 1779 1552 non
1804 1504 1897 1558 sua·
1949 1518 1955 1528 ·

120 1606 257 1683 debat
280 1606 434 1689 alium,
484 1597 703 1705 praecipue
727 1620 825 1695 ergo
861 1597 909 1670 in
948 1595 1218 1694 etymologia,
1257 1592 1575 1697 praeferendum
1609 1604 1774 1696 censui;
1817 1612 1897 1687 hoc
1948 1680 1950 1684 ,

123 1734 250 1809 euim
269 1731 397 1806 modo
422 1729 681 1827 singularum
711 1748 864 1799 vocum
897 1723 1184 1799 inventionem
1221 1747 1346 1822 quam
1375 1727 1553 1801 maxime
1587 1727 1796 1824 adiuvari,
1848 1739 1896 1813 in

20 1901 23 1905 ·
135 1862 275 1963 aprico
302 1874 374 1934 est.
443 1856 527 1932 Ubi
558 1878 658 1928 vero
692 1850 893 1949 loquendi
933 1873 1059 1925 usum
1101 1874 1188 1925 non
1234 1866 1345 1958 certo
1373 1866 1538 1928 tantum
1570 1868 1778 1956 tempore,
1822 1862 1896 1941 sed
1927 1862 1932 1871 “

116 1988 287 2087 -qaovis
314 2008 416 2059 aevo
441 1982 622 2079 viguisse
650 1974 1016 2053 demonstrandum
1041 1990 1150 2063 erat,
1175 1981 1226 2051 ut
1246 1978 1294 2051 in
1316 1977 1512 2078 pluribus
1530 1984 1750 2081 syntaxeos
1778 1986 1893 2076 locis,
2006 2000 2012 2005 ’

122 2108 267 2197 ‚aliam
291 2113 404 2186 riam
438 2111 648 2207 ingressus
685 2127 799 2193 sum,
847 2105 1032 2205 primum
1067 2128 1117 2177 ex
1150 2105 1351 2179 versione
1372 2107 1562 2181 Peschito
1598 2123 1647 2181 et
1663 2114 1820 2187 Veteris
1855 2132 1896 2190 et

134 2240 252 2319 Novi
276 2237 489 2324 Foederis,
524 2232 673 2307 deinde
699 2255 748 2307 ex
774 2231 864 2306 aliis
891 2232 1097 2306 librorum
1123 2255 1331 2306 sacrorum
1349 2233 1634 2324 versionibus,
1660 2240 1896 2340 exscriptis

133 2366 357 2468 Ephraemi
384 2363 644 2457 aliorumque
669 2359 920 2458 scriptorum
946 2359 1210 2458 Syriacorum
1237 2360 1420 2459 exempla
1447 2359 1713 2462 depromens,
1732 2366 1897 2444 'ultimo
1935 2388 1938 2393 ·

119 2478 273 2580 -autem
300 2495 391 2567 loco
418 2488 664 2566 Barbebrcei
698 2485 811 2561 dicta
834 2487 1007 2586 poueru.
1069 2488 1119 2561 In
1144 2487 1408 2561 versionibus
1433 2512 1520 2563 non
1555 2489 1898 2587 acquiescendum

134 2644 246 2707 esse,
281 2621 366 2694 iam
389 2619 425 2689 Ἰ.
451 2618 513 2693 D.
542 2612 757 2687 Michaelis
780 2613 821 2706 i)
849 2628 891 2685 et
915 2612 1119 2686 intellexit
1144 2626 1184 2684 et
1207 2611 1429 2701 indicavit,
1465 2628 1506 2687 et
1529 2638 1745 2713 magnum,
1770 2605 1898 2717 'quod

133 2750 244 2827 irater
275 2747 521 2845 scriptorem
550 2755 591 2815 et
622 2739 725 2815 libri
756 2739 933 2813 alicuius
967 2739 1236 2838 interpretem
1264 2738 1526 2829 intercedat,
1555 2739 1782 2820 discrimen
1809 2769 1894 2823 non
1977 2752 1980 2760 “

10 2868 15 2890 ’
134 2876 335 2979 neglexit3
367 2874 476 2960 alia,
504 2871 581 2956 ait,
620 2878 728 2943 certe
752 2867 794 2942 in
820 2867 1108 2955 malestatis,
1134 2867 1304 2970 lingua,
1333 2871 1467 2942 oratio
1493 2874 1674 2945 auctoris
1700 2898 1775 2946 sua
1802 2878 1899 2951 scri·

26 2981 32 2987 ⁵
137 3004 286 3089 dentis,
315 3003 402 3074 alia
428 2999 672 3094 interpretis.
727 2998 817 3096 Qua
841 3017 888 3067 re
913 2989 964 3065 ad
991 2994 1273 3090 antiquiorum
1299 2997 1657 3093 grammaticorum
1677 3015 1897 3089 consuetu.

136 3130 301 3216 dinem,
327 3125 501 3201 nonnisi
520 3124 638 3196 locos
663 3122 853 3202 Peschito
878 3121 932 3195 N.
961 3122 1007 3193 T.
1033 3114 1315 3209 affeoennum,
1353 3123 1390 3195 si
1415 3120 1651 3213 rediissem,
1698 3104 1899 3203 inmari-

117 3278 261 3334 -suren
287 3253 558 3328 incurrissem
592 3247 970 3347 reprehensionem.
1037 3250 1102 3322 De
1131 3271 1315 3345 quorum
1345 3260 1480 3323 tamen
1526 3274 1607 3326 usu
1653 3254 1748 3327 satis
1801 3259 1899 3328 co'n·

117 3384 287 3471 ,mabam
323 3376 612 3475 exemplorum
639 3374 801 3480 copiam
836 3369 1089 3473 superfluam
1114 3373 1234 3462 duxi,
1271 3389 1310 3448 et
1343 3376 1514 3450 nonnisi
1536 3401 1585 3451 ea
1611 3381 1752 3466 attuli,
1796 3404 1901 3479 quae

135 3508 308 3590 &cendi
331 3507 536 3582 rationem
561 3504 667 3577 bene
693 3499 901 3575 illustrare
925 3501 1089 3585 etsatis
1124 3502 1299 3601 probare
1331 3491 1611 3578 videbantur.
1663 3506 1816 3584 Veteris
1851 3513 1898 3586 T.

138 3641 329 3718 versione
355 3633 538 3733 simplici
564 3653 666 3706 usus
694 3653 809 3717 sum,
850 3628 977 3706 sicuti
1003 3628 1150 3703 Bibliis
1184 3631 1427 3730 Polyglottis
1464 3627 1800 3710 Londinensibus
1833 3660 1901 3709 ex·

119 3761 543 3867 ‘bibetur,'Peschito
565 3773 706 3832 autem
732 3760 785 3835 N.
815 3761 884 3876 T‘?
910 3757 993 3831 nisi
1016 3755 1134 3830 aliud
1160 3755 1317 3831 adiecto
1344 3759 1465 3858 signo
1491 3750 1711 3848 indicatur,
1739 3785 1788 3834 ex
1813 3759 1901 3835 edi·

140 3887 256 3968 tione
280 3890 541 3976 Gutbiriana;
585 3907 726 3961 ornnes
755 3886 849 3958 loci·
870 3885 1115 3959 versionum
1147 3889 1194 3959 V.
1232 3900 1272 3959 et
1305 3889 1357 3960 N.
1393 3869 1465 3973 T,
1507 3887 1591 3960 nisi
1623 3911 1705 3962 vox
1740 3884 1900 3963 Psilos.
2028 3880 2031 3884 ’

120 4036 212 4099 ’aut
238 4019 400 4094 Hieros.
427 4015 615 4102 additur,
651 4037 702 4087 ex
725 4011 909 4110 ‘simplici
935 4010 1115 4085 desumti
1155 4027 1262 4088 sunt.

241 4123 534 4240 Prolegomena
560 4167 654 4215 cum
677 4139 809 4214 tribus
827 4137 977 4214 tabuiis
994 4141 1239 4240 scripturam
1265 4143 1500 4217 Aramaeam
1526 4113 1829 4217 illustrantibus
1847 4139 1902 4217 de

142 4274 299 4375 Syriaci
326 4267 529 4344 sermonis
554 4282 593 4339 et
619 4282 881 4367 cognatarum
905 4269 1143 4369 linguarum
1169 4266 1310 4345 indole
1338 4283 1385 4344 et·
1400 4269 1582 4358 ratione,
1626 4265 1678 4343 de
1704 4272 1904 4368 Syrorum
1959 4269 1965 4278 '

144 4446 489 4478 ...—

210 4560 236 4619 ·)
268 4551 363 4611 snat
379 4554 418 4608 ad
434 4566 560 4625 gramm.
577 4546 643 4622 Syr.
660 4568 691 4627 p.
710 4569 737 4606 r.

1592 4647 1644 4698 a*
1659 4647 1686 4719 2
