4530 5544
236 378 289 459 40
960 380 1282 471 Prolegomene.

240 546 450 645 promenda
473 565 587 621 esset.
614 550 696 625 Iam
712 544 826 619 initio
843 548 987 619 saeculi
1005 552 1132 620 XVIII
1149 549 1343 653 Sebaefius
1361 572 1408 621 ex
1425 552 1580 645 Syriaca
1592 556 1638 628 N.
1650 554 1694 627 T.
1713 555 1890 630 versione
1908 559 2013 631 laxi·

242 690 316 737 con
348 663 658 737 concordantiala
685 682 978 757 composuerat,
1006 668 1109 759 qnod
1135 691 1216 738 non
1243 668 1406 760 amplius
1426 667 1705 763 satisfaciebatt
1733 664 2014 768 grammaticae

151 870 154 875 Ι
241 806 397 876 quoque
416 782 462 850 ab
483 780 606 877 Opitio
624 793 773 849 tentum
792 779 993 851 meliorem
1012 783 1054 851 in
1072 782 1248 854 ordinem
1267 783 1457 872 redactae,
1484 799 1524 852 et
1541 778 1769 862 a'tudovica
1786 788 1942 864 deDieu
1960 814 2010 861 ex

239 899 479 990 reliquarum
508 898 762 968 dialectorum
785 895 961 993 analogia
991 898 1090 967 bena
1114 901 1352 987 illustratae,
1386 899 1428 966 in
1462 923 1536 991 qua
1565 919 1677 972 antea
1701 903 1843 996 passim
1863 928 1947 976 non
1967 928 2015 977 ea

193 1104 197 1111 1
242 1037 342 1107 quae
374 1038 421 1085 ax
445 1013 552 1083 libris
572 1010 735 1105 Syriacis
758 1010 926 1081 fideliter
956 1034 1248 1111 excerpserant,
1282 1014 1349 1086 sed
1380 1037 1477 1105 quae
1504 1016 1578 1085 sibi
1602 1018 1729 1110 aliqua
1756 1042 1803 1089 ex
1832 1020 2018 1118 analogia

241 1132 434 1201 linxerant
461 1126 723 1225 grammatici,
760 1128 959 1219 proposita
986 1130 1161 1223 invenis,
1196 1155 1301 1203 nunc
1336 1126 1492 1199 demum
1515 1134 1679 1229 contigit
1696 1134 1742 1203 ab
1766 1118 2016 1223 ‹stractissitno¹

243 1270 370 1340 eoque
396 1242 657 1339 eruditissimo
678 1241 765 1314 Chr.
781 1245 916 1316 Bened.
937 1246 1112 1320 Michaeli
1134 1250 1339 1343 perspicue
1364 1247 1560 1337 simulque
1589 1265 1766 1318 accurate
1793 1248 2012 1345 retractari.

243 1363 364 1432 Cuius
390 1358 527 1431 deinde
551 1358 677 1446 filius,
711 1356 792 1432 Iole.
810 1366 912 1434 Duo.
933 1365 1147 1451 Michaelis,
1173 1364 1423 1459 'grammatica
1441 1362 1593 1455 Syriaca
1612 1377 1651 1430 et
1670 1364 1825 1459 Syriaco¹
1843 1364 2007 1435 Castalii

242 1477 365 1547 lexico
387 1473 513 1563 editis,
539 1478 719 1553 Brunsius
739 1490 777 1543 et
795 1478 984 1551 Kirselrius
1001 1480 1233 1549 Barhebraei
1249 1480 1462 1549 chronicon
1481 1500 1513 1546 a.
1539 1488 1695 1565 1788-
1708 1490 1803 1571 1789
1824 1481 2014 1577 evulgan-

240 1610 298 1663 tes
325 1609 366 1661 et
388 1591 525 1661 Latine
550 1606 767 1679 vertentes,
793 1596 952 1667 Adlerns
978 1598 1185 1689 praecipue
1214 1595 1478 1666 versionesN.
1494 1593 1538 1661 Τ.
1560 1595 1730 1685 Syriacas
1756 1610 2007 1707 perscrutans

244 1711 291 1779 de
318 1708 454 1839 lingua
477 1706 631 1800 Syriaca
659 1708 804 1800 optime
831 1713 960 1781 meriti
988 1727 1091 1783 sunt.
1145 1713 1384 1811 Quibuscum
1406 1726 1445 1780 et
1466 1708 1732 1800 Lorsbacln'us,
1761 1734 1847 1783 cum
1864 1712 1908 1781 in
1924 1712 2012 1782 aliis

242 1842 328 1895 tum
363 1824 404 1891 in
428 1825 623 1895 Aramaeis
650 1824 789 1894 litteris
817 1826 1001 1957 singulari
1029 1826 1247 1896 eruditione
1272 1830 1445 1916 miraque
1477 1826 1592 1893 simul
1618 1812 1842 1897 modestia
1831 1810 2016 1923 insignis,

245 1937 516 2038 grammaticae
538 1938 798 2032 perficiendae
825 1954 865 2009 et
888 1942 1030 2012 seriori
1053 1943 1266 2013 locorum
1255 1942 1426 2011 inlibris
1450 1940 1613 2032 Syriacis
1643 1939 1861 2021 difficilium
1888 1944 2013 2039 expli·

247 2057 391 2128 cationi
419 2076 596 2150 magnam
616 2053 724 2123 dedit
741 2078 922 2147 operam,
950 2059 1158 2150 praecipue
1178 2081 1268 2126 vero
1291 2072 1477 2146 quantum
1496 2057 1649 2125 lexicon
1669 2058 1865 2151 Syriacum
1877 2060 1930 2153 ab
1950 2082 2015 2149 eo,

246 2196 363 2265 quem
395 2170 581 2262 consequi
605 2184 737 2263 potest
763 2188 802 2240 et
827 2172 962 2253 debet,
1000 2172 1249 2263 perfectionis
1271 2172 1391 2265 gradu
1412 2173 1537 2242 adhuc
1560 2171 1696 2260 distet,
1724 2174 1845 2267 probe
1862 2173 2016 2271 perspi-

172 2322 184 2341 ι
247 2290 376 2374 ciens,
404 2287 452 2357 ad
472 2286 639 2357 castelli
664 2287 817 2356 lexicon
841 2311 860 2357 a
880 2287 1067 2357 Michaeli
1090 2287 1371 2379 locupletatum
1400 2310 1446 2355 ex
1472 2287 1650 2357 omnibus
1676 2288 1784 2357 libris
1813 2288 2015 2383 impressis

248 2419 288 2477 et
309 2400 459 2494 aliquot
484 2401 907 2503 manuscriptis,·quae
933 2424 1092 2495 prorsus
1112 2400 1270 2470 deerant
1291 2404 1405 2471 verba
1423 2422 1491 2471 aut
1516 2426 1682 2495 quornm
1699 2402 1930 2501 significatio
1948 2402 2017 2474 ad·

243 2524 322 2592 huc
355 2517 472 2589 dubia
506 2532 589 2586 arat
612 2517 765 2605 relicta,
803 2518 1006 2614 diligenter
1030 2517 1187 2612 collegit
1212 2530 1251 2584 et
1276 2518 1496 2603 annotarim
1540 2520 1608 2589 sed
1633 2543 1737 2591 mors
1765 2530 2016 2613 praematura

247 2660 337 2709 eum
357 2656 436 2729 quo
452 2634 582 2704 minus
602 2632 663 2723 id,
691 2626 797 2727 quod
814 2651 1060 2727 susceperat,
1089 2655 1187 2727 opus
1207 2632 1457 2703 utilissimum
1479 2636 1637 2705 omnino
1657 2636 1874 2707 absolveret
1897 2616 2020 2727 atque

247 2752 399 2829 liniret,
446 2749 546 2843 proh
571 2748 704 2819 dolorl
752 2749 965 2843 impedivit.
1018 2752 1124 2819 Dum
1161 2749 1396 2839 supellectili
1421 2751 1505 2818 eius
1532 2751 1862 2841 locupletissima,
1899 2764 2022 2849 quem

247 2868 441 2961 inspicare
474 2864 588 2934 nobis
623 2864 755 2963 licuit,
797 2868 840 2935 in
875 2863 1049 2934 ordinem
1084 2863 1238 2961 redacta
1279 2865 1431 2933 lexicon
1474 2865 1618 2934 diutins
1650 2868 1898 2959 sperabamus
1919 2864 2023 2965 'edi-

251 3003 336 3057 tum
351 2984 421 3070 iri,
446 2982 632 3052 certiores
656 2980 750 3051 iacti
765 3003 920 3065 sumus,
947 2983 1103 3051 Etienne
1127 2978 1371 3082 pnetremdre
1386 2979 1540 3049 Parisiis
1576 3004 1657 3053 non
1673 2981 1801 3051 solum
1818 2970 1954 3051 omnes
1973 2980 2024 3051 li·'

249 3106 341 3173 bros
365 3100 573 3191 impressos
604 3097 670 3165 sed
693 3097 810 3167 etiam
830 3096 979 3187 aliquot
999 3097 1284 3187 manuscriptos
1302 3096 1454 3165 codices
1473 3098 1686 3192 perlegisse
1714 3111 1753 3165 et
1770 3096 1847 3167 iam
1863 3098 2024 3191 tltesau·

253 3241 318 3289 ros
345 3236 501 3310 quoque
529 3213 737 3311 litterarios
756 3211 928 3281 Oxoniae
947 3211 1173 3302 Romaeque
1190 3210 1263 3278 diu
1284 3212 1449 3280 latentes
1473 3210 1666 3283 aditurum
1693 3235 1810 3302 esse,
1829 3227 1873 3282 ut
1894 3214 2023 3307 perie-

255 3353 360 3406 ctum
389 3352 624 3423 componere
649 3326 774 3422 possit
802 3327 955 3397 lexicon
979 3324 1198 3418 Syriacum,
1235 3328 1345 3397 nobis
1372 3328 1608 3424 gratulantes
1637 3329 1755 3396 talem
1784 3328 1929 3416 virum,
1968 3353 2023 3400 ne

254 3452 407 3521 litterae
424 3447 633 3519 orientales
653 3440 875 3515 detrimenti
893 3443 966 3513 hec
983 3458 1092 3535 parte
1111 3442 1257 3533 aliquid
1277 3444 1441 3533 capiant,
1467 3443 1621 3509 tandem
1641 3438 1897 3511 consuluisae.¹
1948 3447 2029 3551 Uti.

255 3590 348 3637 vero
375 3566 416 3634 in
442 3563 566 3633 lexico
585 3564 764 3655 Syriaco,
791 3564 844 3629 ita
874 3574 914 3630 at
939 3559 980 3627 in
1010 3559 1257 3653 grammatico
1275 3560 1457 3625 Aramaea
1485 3555 1649 3622 multum
1676 3552 1804 3620 adhuc
1823 3574 1907 3621 esse
1924 3540 2028 3651 sup

257 3680 446 3775 piendum
472 3692 511 3747 et
536 3674 842 3762 emendandum,
870 3675 972 3745 idern
993 3671 1236 3747 Lorsbmirius
1260 3669 1484 3759 saepissime
1503 3678 1536 3759 ³)
1565 3686 1604 3737 et
1633 3664 1964 3761 Geseniuspassim
1981 3670 2028 3761 Ιν)

258 3794 524 3869 ostenderunt
586 3796 672 3884 Quo
711 3791 933 3889 diligentius
969 3810 1009 3860 et
1036 3789 1187 3858 felicius
1213 3786 1416 3859 Arabicum
1441 3786 1611 3881 linguam
1639 3784 1805 3857 Silvestre
1832 3781 1877 3879 de
1900 3787 2028 3889 Socy,

259 3932 297 3983 et
314 3914 531 3983 liebraeam
552 3910 744 3990 (isterius,
768 3923 930 4001 uterque
951 3908 991 3976 in
1009 3905 1070 3974 his
1090 3903 1228 3973 litteris
1247 3904 1358 3973 lacile
1377 3903 1580 3994 princeps,
1607 3899 1772 3971 inlibris
1792 3896 1871 3967 suis
1890 3918 2026 4009 gram-

256 4027 405 4098 maticis
429 4027 692 4114 illustrarunt,
721 4050 767 4095 eo
790 4025 909 4122 magis
936 4022 1089 4092 videtur
1113 4021 1396 4107 necessarium,
1422 4034 1467 4087 ut
1486 4040 1626 4111 quae
1600 4016 1657 4085 illi
1678 4010 1749 4084 riri
1776 4002 2032 4091 celeberrimi

258 4146 493 4213 invenerunt
519 4158 559 4213 et
582 4141 855 4228 emendarunt,
883 4139 1055 4232 cognatis
1086 4160 1242 4229 quoqne
1273 4136 1444 4205 dialectis
1471 4152 1609 4205 noram
1632 4146 1671 4202 et
1689 4126 1861 4251 iamdiu
1869 4126 2031 4257 deside-s

262 4274 383 4329 ratam
400 4257 527 4328 lucem
547 4259 720 4329 aflerant.

329 4580 359 4643 a)
378 4576 438 4633 Gis.
464 4594 489 4631 a
517 4595 543 4637 e.
566 4576 673 4633 Paulus
700 4590 788 4629 reuss
812 4573 1019 4644 llepertoriurn
1040 4571 1095 4639 ΙΙΙ,
1248 4571 1281 4639 b)
1295 4571 1332 4625 In
1346 4568 1423 4624 libra
1439 4560 1736 4635 suoz'zelrgetuuae
1748 4562 1879 4639 dobosa
1892 4559 2028 4631 spreto,-

264 4674 315 4729 ιος
332 4676 372 4729 sq.
2020 4692 2025 4701 .
