4530 5544
241 394 299 475 84
517 386 594 452 lib.
615 383 643 447 Ι.
667 380 748 466 Cap·
770 381 796 447 l.
841 381 897 445 De
919 395 1010 445 recte
1031 380 1202 444 scribendi
1226 396 1260 442 et
1280 382 1528 460 pronuntiarat·
1549 383 1763 446 rudimentis.

246 574 297 648 ria
325 584 485 666 perrara
511 570 698 645 utuntur,
724 569 914 646 quantum
944 549 1187 657 consuetudo
1207 564 1248 620 et
1266 551 1496 620 vernaculae
1511 550 1673 646 linguae
1699 552 1877 649 cognitio
1892 550 1970 623 hac
1985 553 2030 625 in

248 718 293 767 ra
320 687 498 768 adiuvet,
523 673 747 745 luculenter
773 683 972 759 cernatur,
1000 667 1217 737 illustretur
1240 688 1283 733 ac
1307 668 1507 758 probetur.
1559 668 1711 737 Sensim
1731 666 1958 762 sensimque
1976 672 2028 743 ob

252 800 548 901 ambiguitatem
582 788 702 884 huius
737 784 931 856 scribendi
961 782 1134 856 mediet
1160 805 1237 874 qno
1264 781 1490 878 diligentius
1519 782 1660 854 eruditi
1688 783 1736 854 ad
1758 786 2046 882 grammaticae·

250 927 410 1022 linguae
431 905 679 984 elaborandus
697 926 738 972 aa
758 902 1054 979 convertebant.
1081 898 1194 997 signa
1212 899 1401 992 quaedam
1416 899 1739 994 inveniebantur,
1764 901 1907 999 quibus
1927 902 2032 995 quad

255 1020 468 1116 obscurum
487 1039 590 1099 esset
607 1022 786 1094 relictum
796 1068 808 1109 ,
837 1017 977 1091 clarius
994 1018 1121 1089 fieret.

341 1222 464 1289 Arenae.
491 1234 520 1278 t.
563 1208 633 1274 alti
660 1205 799 1292 quidem
829 1203 1058 1289 grammatici,
1089 1220 1129 1268 ut
1150 1202 1340 1281 Haseins’)
1370 1206 1544 1286 signorum
1576 1207 1706 1270 recales
1733 1206 1962 1270 indicantium
1983 1209 2032 1273 ia.

256 1328 451 1394 sennonem
475 1337 547 1381 non
574 1315 616 1375 ab
645 1310 886 1391 ambignitate,
919 1326 1020 1388 quam
1042 1306 1119 1389 Syri
1148 1309 1187 1368 in
1211 1306 1361 1387 legendis
1391 1308 1521 1388 scriptis
1547 1308 1734 1369 necmmrio
1761 1311 1947 1387 sentirem,
1979 1311 2033 1374 sed

254 1431 367 1515 potius
399 1423 439 1485 ab
471 1419 670 1487 imitatione,
691 1423 824 1487 tantum
851 1409 1008 1470 Graecae
1029 1409 1189 1488 linguae,
1223 1420 1308 1466 tnnc
1327 1408 1487 1486 temporis
1509 1409 1548 1468 in
1571 1408 1710 1470 Oriente
1731 1409 1928 1472 notissimae
1949 1410 2034 1492 mul·

133 1550 140 1558 ·
254 1533 364 1613 mque
394 1518 563 1587 vocalibus
594 1527 629 1578 et
655 1510 765 1591 longis
796 1521 831 1569 et
859 1506 1016 1569 brevibus
1048 1508 1239 1591 gaudentis,
1274 1507 1485 1568 derivandam
1516 1529 1587 1569 esse
1608 1520 1748 1590 putant,
1779 1514 1836 1592 qui
1857 1526 1974 1575 tamen
1994 1531 2032 1574 eo

255 1633 468 1700 refutantur,
501 1613 591 1700 quod
613 1611 705 1695 Syri,
739 1623 918 1692 antequam
942 1609 1038 1690 plura
1062 1609 1227 1671 vocalium
1250 1610 1344 1688 signa
1366 1608 1539 1670 scribendo
1564 1612 1810 1688 exprimerent,
1839 1615 1878 1674 in
1899 1613 2032 1677 vocibus

256 1729 423 1809 ambigui·
446 1712 570 1806 puncto
594 1713 765 1776 diacritico
787 1724 982 1780 uterentur,
1015 1709 1097 1788 quin
1119 1710 1220 1768 etiam
1241 1708 1342 1769 multi
1364 1711 1661 1791 grammaticorum
1678 1712 1814 1791 linguae
1829 1712 2033 1795 peritissimi·

257 1846 298 1896 nt
321 1829 423 1891 Iostta
446 1823 511 1884 tar
536 1821 629 1890 Nun,
658 1814 855 1897 Honnr‘rtus,
888 1811 1013 1889 Iosepla
1034 1807 1180 1882 Hatita,
1212 1809 1396 1872 Endoelrus
1418 1825 1452 1870 et
1473 1810 1776 1889 uertebrarum),
1806 1830 1853 1874 ne
1872 1814 1949 1895 quia
1968 1832 2036 1876 ant·

258 1934 361 2015 bigne
385 1920 605 1989 confunderet
627 1914 748 1987 verba,
766 1911 870 1972 libros
894 1909 935 1971 de
955 1922 1081 1990 puncto
1102 1909 1296 1981 macunen,
1320 1910 1459 1972 diversis
1477 1927 1593 1972 tamen
1613 1911 1838 1991 temporibus,
1860 1933 2037 1998 campana·

256 2044 347 2095 rent.
398 2025 461 2089 llla
481 2021 616 2100 linguae
638 2014 787 2078 Graecae
816 2008 937 2075 notitia
966 2011 1040 2071 sine
1071 2009 1173 2070 dubio
1205 2012 1373 2073 vocalium
1403 2014 1636 2074 inventionem
1663 2016 1860 2089 maturavit,
1888 2030 2035 2079 attamen

259 2153 331 2199 non
363 2126 433 2189 sola
461 2122 634 2201 incanasa
656 2116 731 2176 fuit.
775 2113 879 2175 Initio
902 2128 980 2173 cum
1000 2129 1123 2190 paucos
1146 2122 1278 2170 tantum
1298 2110 1400 2196 libros
1424 2113 1609 2184 habereut,
1642 2115 1678 2173 in
1701 2114 1769 2175 illis
1789 2114 1940 2195 legendis
1962 2136 2036 2197 pro·
2092 2125 2094 2130 “

259 2228 512 2297 nuntiationem
535 2240 554 2279 a
574 2217 686 2300 pueris
715 2215 812 2275 facile
843 2211 1047 2273 docebantur
1076 2231 1183 2291 neque
1214 2211 1387 2291 signorum
1421 2217 1549 2275 recales
1576 2213 1799 2277 indicantium
1820 2214 2037 2293 morabantur

262 2333 446 2398 delectum
482 2337 560 2381 cum
580 2315 797 2377 incrementis
828 2331 905 2373 vero
937 2311 1163 2383 litteraturae,
1198 2313 1376 2391 praecipue
1406 2333 1483 2374 cum
1515 2315 1620 2374 exteri
1640 2333 1774 2395 quoque
1795 2337 1825 2378 e.
1847 2336 1876 2380 c.
1921 2318 2037 2381 Persae

263 2431 439 2512 Syriacum
467 2435 658 2481 sermonem
688 2413 871 2484 discerent,
906 2411 1030 2471 eruditi
1062 2425 1188 2470 certam
1217 2408 1383 2491 ambiguis
1414 2411 1549 2473 vocibus
1572 2413 1853 2493 significationem
1874 2417 2040 2481 firmatnri

260 2532 414 2616 primum
435 2525 569 2603 signum
593 2513 815 2612 manducem,
839 2512 958 2573 deinde
980 2512 1074 2590 signa
1096 2511 1264 2572 vocalium
1283 2514 1356 2593 ipsa
1378 2511 1625 2586 adhibuerunt,
1648 2516 1720 2596 quo'
1728 2519 2040 2595 pronuntiationem

263 2627 513 2695 accuratiorem.
529 2634 748 2696 sensumque,
778 2632 877 2694 quern
901 2612 973 2693 quis
997 2610 1127 2689 scriptis
1147 2614 1215 2672 suis
1237 2616 1347 2674 inesse
1370 2613 1534 2687 soluerat,
1568 2617 1748 2676 certiorem
1769 2616 1960 2681 redderent.

349 2729 473 2792 [unet.
495 2741 527 2784 a·
570 2715 892 2799 Carpentoractensis
920 2727 953 2774 et
974 2712 1192 2790 Palmyrenae
1225 2715 1462 2794 inscriptiones
1486 2717 1616 2776 vocales
1639 2716 1888 2796 quiescibilibns
1908 2735 2043 2784 tantum

261 2829 386 2899 litteris
408 2833 543 2895 notant,
570 2830 608 2879 ut
630 2830 734 2880 natta
753 2815 935 2877 benedicta
962 2816 1027 2875 sit!
1055 2823 1146 2871 mett
1177 2804 1221 2871 ab
1251 2819 1318 2872 ma
1340 2829 1368 2872 st
1389 2828 1453 2877 unt
1478 2831 1511 2877 et
1533 2820 1732 2896 mysterium
1756 2822 1952 2905 cuiusquam
1973 2845 2043 2886 nora

263 2936 398 2997 elocuta
428 2937 478 2986 est
499 2921 698 3000 (Carpant.);
736 2906 818 2977 bt'ttt
848 2915 931 2975 Elui
960 2928 1058 2992 tanain
1086 2916 1162 2973 vita
1191 2933 1305 2975 eorum
1336 2916 1452 2991 (Palm.
1476 2921 1522 2993 5.)
1546 2922 1659 2977 catara
1694 2912 1785 2983 asto
1807 2923 1916 2987 Iulias
1936 2929 2044 2989 Aura.

263 3036 350 3101 lius,
374 3032 540 3096 ormnem?
559 3016 785 3097 Crispinum).
831 3016 1010 3081 vocalium
1032 3031 1109 3074 sero
1132 3014 1226 3094 signa
1248 3014 1315 3075 alia
1334 3035 1406 3077 non
1424 3016 1561 3091 habent,
1584 3021 1673 3081 unde
1695 3038 1884 3102 quanquam
1903 3043 1978 3087 non
1995 3045 2046 3093 aa·

264 3135 399 3218 quitur,
425 3135 463 3184 ut
484 3119 577 3201 Syria
606 3137 645 3179 eo
675 3130 828 3197 tempore
856 3135 990 3198 prorsus
1021 3134 1060 3174 ea
1090 3130 1160 3172 non
1190 3114 1337 3189 fuerint,
1368 3135 1444 3177 cum
1473 3130 1598 3199 puncta
1630 3121 1799 3183 vocalium
1818 3124 1947 3205 aliaque
1967 3144 2046 3201 nou

265 3229 404 3297 omniuo
426 3216 635 3295 ueoeaaaria,
667 3217 706 3279 iu
727 3217 841 3280 numia
864 3229 897 3278 et
918 3211 1193 3297 inscriptionibus
1212 3216 1324 3275 omitti
1354 3218 1503 3292 soleant,
1532 3218 1597 3280 alia
1621 3232 1735 3282 tamen
1758 3236 1953 3305 argumenta
1975 3224 2064 3286 laoc-

263 3331 418 3420 probant.

350 3435 473 3496 Annon
496 3445 528 3508 5.
574 3421 670 3484 Zabii
700 3423 803 3486 eliam
833 3421 961 3484 vocales
991 3415 1136 3477 notandi
1164 3419 1333 3481 rationem
1365 3438 1434 3480 non
1466 3438 1669 3500 agnoscunt,
1701 3425 1769 3486 nisi
1791 3422 2044 3506 quiescibilinm

263 3555 381 3606 nsum,
411 3530 533 3613 quippe
564 3543 648 3604 qnae
676 3526 798 3604 partim
828 3523 966 3584 sennim
988 3519 1111 3599 partim
1134 3536 1212 3579 cum
1234 3520 1309 3579 aliis
1331 3519 1449 3579 litteris
1475 3525 1682 3586 coniunctim
1705 3528 1908 3587 scribuntur.
1928 3570 1932 3589 .
1952 3526 2045 3589 Coa·

263 3638 393 3700 iunctio
417 3648 497 3690 sero
517 3625 707 3684 litterarum
730 3623 873 3701 figuram
896 3616 1142 3700 quodammode
1166 3631 1291 3691 mutat,
1312 3619 1402 3678 nude
1425 3619 1490 3681 tab.
1506 3621 1570 3682 111.
1590 3625 1716 3687 litteras
1732 3629 1883 3707 primum
1897 3629 2043 3691 maim

261 3737 417 3816 scriptas,
450 3722 571 3786 deinde
602 3721 794 3780 coniunctas
823 3719 1080 3799 repraesentavi.
1125 3715 1244 3775 Breves
1272 3737 1352 3777 vero
1385 3723 1513 3780 recales
1535 3742 1631 3803 saepe
1654 3729 1797 3788 omnino
1818 3744 1890 3787 non
1912 3724 2044 3813 signifi.

263 3851 400 3904 untur,
424 3841 463 3890 ut
491 3837 550 3903 tv,
570 3834 628 3897 ππ,
650 3833 711 3897 Ὦ,
729 3833 772 3880 nu
795 3818 889 3897 (cra
915 3819 1039 3879 Vimar.
1070 3816 1128 3876 iol.
1155 3835 1181 3877 s.
1205 3820 1257 3892 a).
1302 3819 1342 3879 Iu
1375 3821 1619 3900 quiescibilibus
1650 3824 1794 3908 deniqne
1822 3800 2061 3891 emerendis.

261 3944 351 4021 lages
374 3935 415 3997 de
435 3930 625 3993 litterarum
648 3942 802 3987 connexu
822 3918 1049 4003 respiciendae
1071 3931 1163 3985 sunu
1186 3914 1249 3977 hae
1273 3922 1365 3982 enim
1390 3941 1418 3983 s.
1442 3943 1468 3985 c.
1492 3923 1529 3983 in
1553 3943 1664 3985 caussa
1686 3942 1781 4003 sunt,
1813 3928 1901 4010 qnod
1922 3944 1946 3989 aa
1968 3942 2041 3993 aas

262 4040 303 4100 ab
334 4036 434 4097 initio
474 4026 628 4111 quidem,
666 4045 775 4109 neque
806 4039 919 4088 tamen
948 4027 985 4085 in
1015 4021 1084 4084 iiue
1116 4018 1295 4082 admittant
1325 4025 1608 4085 coniunctionem.
1663 4026 1877 4106 Quiescibilis
1906 4050 2042 4113 quoque

260 4139 373 4199 littera
400 4148 414 4194 t
442 4130 541 4191 lineis
579 4127 800 4191 coniunctisis
830 4125 931 4187 simul
967 4127 1178 4195 contineturt
1215 4121 1288 4183 vide
1319 4143 1345 4184 e.
1375 4143 1405 4202 g.
1440 4114 1546 4195 μῶυ
1578 4123 1675 4200 (cod.
1708 4129 1796 4192 Vim.
1826 4132 1883 4193 iol.
1903 4122 1947 4210 a.
1976 4131 2043 4211 lala

260 4304 612 4343 m

330 4436 358 4497 a)
381 4419 566 4482 Praktisclaes
599 4418 765 4474 Handbuclr
799 4422 849 4477 der
877 4418 1108 4474 Arameeiaeltsn
1259 4420 1288 4487 4)
1311 4420 1374 4472 vid.
1410 4430 1438 4472 et
1464 4425 1614 4495 Koppiuns
1643 4425 1698 4479 iac
1727 4429 1761 4483 de
1787 4448 1820 4486 re
1846 4434 2039 4491 di'sseaemaa

263 4516 392 4592 Spraclte
409 4531 438 4583 p·
457 4516 484 4568 8·
1194 4503 1287 4558 Bilta
1306 4507 1362 4559 uni
1380 4503 1521 4577 So’rrr'sua
1537 4509 1574 4562 Τ.
1589 4509 1626 4560 ll.
1646 4510 1671 4577 ς.
1693 4528 1735 4581 5⁰·

329 4601 485 4671 elissam.
508 4589 583 4645 Biht.
603 4589 651 4646 Or.
672 4589 759 4661 Iup.
779 4597 839 4659 308.
1107 4610 1110 4615 ·
