4530 5544
766 387 1267 474 Pasasarru
1382 430 1386 436 ·
1619 382 1622 389 ’
1796 410 1909 501 „m

138 595 219 670 diis
258 611 395 668 autem
430 589 551 664 valde
586 589 757 671 inimica
797 589 976 665 stimulis
1021 591 1111 682 suis
1153 616 1238 665 non
1282 591 1333 666 ad
1375 592 1559 689 laborem
1604 593 1902 694 propellebant,

71 706 89 735 ³
138 723 210 797 sed
251 721 350 794 adeo
385 721 576 817 ipsorum
613 714 817 815 impulsui
850 717 1121 799 reluctantem
1160 718 1210 791 ab
1238 729 1288 793 eo
1316 720 1540 794 avocabant
1569 734 1609 819 et
1634 719 1901 811 deterrebant.

82 825 87 849 ¹
137 849 332 945 Denique
367 846 421 920 ob
457 845 630 944 longum
668 858 853 943 tempus,
898 870 983 944 quo
1010 846 1117 922 liber
1144 845 1448 945 imprimendus
1476 861 1572 935 erat,
1601 872 1687 954 nou
1715 848 1901 945 contigit,

135 983 370 1074 quanquam
398 975 620 1074 praecipue
646 972 692 1045 in
720 971 914 1070 operibus
942 996 989 1047 ex
1017 976 1096 1048 hoc
1122 997 1271 1074 genere
1297 974 1525 1072 optandum
1554 990 1633 1060 est,
1676 988 1809 1046 totum
1836 972 1905 1045 ab·

133 1085 242 1177 solvi
257 1128 355 1176 uno
381 1100 609 1198 eodemque
634 1099 859 1200 typotheta.
916 1103 1030 1202 Quae
1057 1125 1143 1186 res,
1189 1101 1332 1198 quanti
1367 1101 1421 1175 sit
1457 1102 1680 1189 momenti,
1728 1101 1904 1197 quicum

130 1250 214 1326 que
248 1231 398 1303 harum
432 1230 664 1303 litterarum
698 1251 846 1326 gnarus
882 1241 961 1315 est,
1006 1244 1154 1327 sponte
1186 1227 1401 1325 intelliget.
1455 1207 1663 1325 ¹Namque
1696 1227 1769 1324 qui
1793 1203 1904 1300 'haio

131 1358 229 1429 artis
256 1356 577 1458 typographicae
603 1357 710 1453 parti
736 1352 979 1428 felicissimo
1007 1376 1203 1427 successu
1236 1374 1403 1449 operam
1437 1367 1610 1440 navent,
1655 1353 1812 1451 ubique
1838 1377 1904 1426 re·

12 1466 19 1471 ⁵
133 1484 355 1580 perluatur
378 1482 646 1582 paucissimi,
684 1478 893 1574 iidemque
919 1480 1197 1552 institutionis
1223 1478 1471 1596 plerumque
1491 1479 1724 1578 indigentes
1743 1503 1902 1567 eorum,

133 1608 207 1705 qui
247 1610 309 1682 rei
346 1606 602 1708 populorum
644 1604 910 1681 orientalium
947 1604 1169 1680 litterariae
1211 1601 1391 1681 fautores
1435 1618 1476 1679 et
1507 1620 1823 1706 propagatores
1816 1620 1902 1678 aut

112 1733 291 1811 ‚codices
319 1736 550 1810 orientales
565 1747 637 1808 aut
661 1732 791 1807 libros
818 1730 869 1805 de
896 1731 1050 1832 linguis
1076 1735 1196 1810 Asiae
1222 1733 1342 1807 cdere
1370 1731 1523 1807 audent
1549 1747 1590 1807 et
1608 1735 1807 1833 cupiunt,
1845 1733 1904 1805 ita

130 1875 178 1934 ut
205 1861 421 1959 typothetae
446 1859 652 1937 officinam
681 1855 798 1935 suam'
824 1885 920 1937 cum
939 1861 1018 1934 alia
1036 1866 1312 1935 commutante
1331 1862 1513 1935 instituti
1528 1861 1633 1934 ratio
1660 1855 1781 1933 facile
1803 1882 1900 1935 con·

131 1966 331 2060 fundatur
358 2011 576 2083 novusque
605 1984 823 2096 lingendus
852 2003 891 2062 et
916 1987 1198 2063 instituendus
1227 1988 1281 2062 sit
1307 1989 1398 2067 eius
1422 1987 1576 2063 laboris
1599 1986 1771 2062 molitor
1796 2000 1902 2063 nou·

131 2113 218 2187 nisi
245 2112 497 2210 pedetentim
533 2114 713 2188 auctoris
750 2115 954 2189 voluntati
992 2129 1033 2189 et
1067 2116 1223 2191 rationi
1256 2111 1529 2190 assuefaciens
1564 2138 1650 2190 sese
1684 2130 1805 2210 atque
1839 2110 1903 2184 ac·

132 2239 409 2315 commodans.
464 2243 539 2316 His
567 2243 696 2341 igitur
722 2241 845 2316 rebus
872 2264 1134 2342 progressum
1163 2269 1248 2318 non
1274 2245 1400 2317 semel
1428 2234 1788 2342 intercipientibus
1818 2262 1900 2335 quo

129 2367 268 2443 animo
314 2368 365 2442 ad
399 2364 612 2443 difficilem
644 2369 826 2444 laborem
862 2393 1041 2470 eumque
1074 2367 1327 2445 difficultatis
1371 2368 1657 2471 magnitudine
1687 2383 1736 2442 et
1767 2367 1900 2442 surie-

129 2509 210 2568 tate
235 2508 330 2571 n'on
363 2520 456 2572 raro
493 2521 635 2571 omnes
672 2497 781 2571 vires
816 2494 1107 2597 profligantem
1143 2521 1212 2571 me
1245 2499 1517 2588 accinxerim,
1565 2493 1688 2570 facite
1724 2494 1901 2593 quisque
1997 2475 2001 2482 ’

129 2620 254 2696 videt
324 2624 494 2697 Lenivit
528 2625 686 2697 interea
718 2646 852 2696 meam
892 2624 1122 2712 tristitiam,
1160 2649 1205 2697 ac
1239 2639 1422 2699 mentem
1458 2621 1623 2699 fortiter
1662 2623 1791 2695 erexit
1832 2645 1902 2698 ve·

128 2713 345 2826 sissimum
378 2747 489 2824 illud
525 2750 740 2824 Octauiani
776 2751 953 2848 Augusti
987 2748 1148 2825 dictum
1183 2775 1205 2825 a
1243 2754 1442 2828 Suetonio
1475 2749 1576 2843 (Vir.
1621 2750 1722 2847 Aug.
1758 2772 1791 2823 c
1819 2745 1900 2840 95)
2021 2823 2029 2834 .

128 2877 325 2963 relatum,
363 2890 430 2954 sat
457 2878 640 2950 celeriter
655 2872 777 2980 fieri,
815 2874 1016 2975 ququaid
1031 2874 1121 2984 flat
1146 2882 1249 2951 sutis
1275 2877 1384 2952 bene.
1437 2883 1579 2974 Itaque
1597 2875 1707 2950 libro
1732 2875 1902 2949 taudem

127 3002 342 3094 absoluto,
392 3002 501 3076 nihil
548 3002 662 3077 aliud
705 3017 848 3090 restat,
897 3005 982 3077 nisi
1019 3019 1206 3102 optatum
1241 3020 1280 3079 et
1313 3029 1428 3103 spes,
1483 3005 1565 3090 iis,
1615 3026 1793 3099 quorum
1836 3017 1905 3078 eat.

127 3122 253 3208 deco
290 3154 388 3202 vere
415 3145 454 3204 et
482 3143 589 3204 recte
617 3129 821 3218 iudicare,
859 3154 991 3203 meam
1019 3131 1263 3206 industriam
1292 3129 1625 3204 commendatum
1652 3130 1729 3218 iri,
1771 3131 1827 3203 ita
1852 3143 1915 3202 ut*
1968 3100 1972 3113 ¹

128 3260 165 3332 si
191 3258 352 3329 lentum
381 3255 550 3348 quidem
572 3281 638 3329 me
664 3258 902 3330 invenerint
929 3259 1193 3356 scriptorem,
1232 3272 1340 3333 certe
1373 3281 1459 3358 non
1495 3251 1649 3332 frustra
1687 3280 1755 3330 me
1787 3255 1900 3330 labo·

126 3379 235 3462 rasse
260 3377 547 3480 profiteantur.
576 3403 580 3412 ·
1675 3393 1680 3400 '

116 3555 120 3558 -
229 3512 343 3613 Quae
368 3531 470 3582 vero
496 3505 580 3581 huc
607 3529 741 3604 usque
766 3522 928 3581 narrata
961 3523 1080 3597 sunt,
1122 3532 1209 3584 non
1244 3510 1380 3585 solam
1415 3510 1527 3611 apud
1562 3534 1631 3587 eos
1664 3511 1773 3586 mihi
1808 3507 1899 3585 fore

131 3637 412 3721 excusationi,
465 3634 539 3735 qui
570 3636 859 3733 grammaticae
892 3657 1007 3710 meae
1046 3634 1275 3711 editionem
1318 3640 1445 3714 nimis
1486 3638 1644 3713 tardam
1686 3665 1772 3713 non
1808 3641 1898 3713 sine
2020 3618 2024 3627 ⁵

127 3768 215 3840 ulla
254 3767 344 3839 reri
380 3763 514 3863 specie
548 3762 897 3851 existimaverint,
947 3761 1019 3838 sed
1057 3765 1180 3838 etiam
1207 3789 1277 3840 eos
1312 3755 1496 3843 mitiores
1531 3792 1652 3868 spero
1686 3766 1899 3842 redditura

129 3868 311 3978 iudices,
350 3892 386 3964 si
415 3891 488 3985 qui
514 3886 623 3963 forte
649 3888 717 3963 hic
744 3891 834 3964 illic
862 3892 1042 3990 aliquam
1071 3890 1480 3981 dissimilitudinem,
1527 3894 1640 3996 quod
1667 3910 1803 3975 tamen
1825 3878 1899 3968 vix

31 3990 37 4008 ⁴
127 4020 270 4104 timeo,
306 4013 623 4112 deprehendisse
643 4014 723 4089 sibi
744 4015 975 4092 videantur.
1030 4021 1240 4122 Quantum
1257 4020 1371 4094 enim
1396 4045 1523 4119 penes
1542 4045 1609 4095 me
1627 4035 1733 4109 erat,
1762 4022 1898 4096 omni·

126 4144 205 4221 bus
233 4162 328 4218 sane
348 4144 485 4239 operis
507 4143 694 4242 partibus
721 4145 968 4243 aequitatem
992 4146 1263 4221 necessariam
1292 4171 1387 4222 cum
1417 4149 1463 4222 in
1482 4172 1621 4224 rerum
1637 4150 1896 4248 expositione

127 4286 217 4348 tum
244 4271 290 4344 in
318 4269 476 4344 ratione
503 4266 669 4346 dicendi
695 4268 789 4347 dara
818 4286 858 4346 et
884 4296 1126 4348 conservare
1153 4296 1246 4349 sum
1284 4279 1479 4367 annixus3
1518 4280 1676 4376 itaque,
1723 4277 1760 4350 si
1786 4279 1892 4350 hanc
2003 4364 2008 4372 ἱ

126 4395 278 4497 legem,
313 4421 436 4495 quam
455 4394 561 4470 mihi
580 4400 844 4496 scripseram,
880 4400 1036 4475 alicubi
1056 4425 1197 4476 revera
1216 4405 1529 4493 transiliverim,
1556 4418 1663 4478 certe
1682 4404 1893 4503 negligen-

31 4544 37 4559 “
120 4525 225 4619 ‘tiam
252 4523 489 4624 quampiam
516 4539 586 4599 aut
611 4523 841 4600 socordiam
857 4551 944 4605 non
960 4530 1007 4643 in
1022 4552 1162 4605 caussa
1178 4531 1489 4614 esseexistimet
1503 4529 1732 4607 benevolus
1752 4533 1889 4608 lector.
